4594 2973
2889 237 743 124 Lettre de Martini

2757 369 380 96 Madame.

2505 530 1727 111 Point de nouvelles de Toulouse, rien sur l'Ouvrage

2279 609 2010 102 de Melle de Chatenay dans mon Journal. je n'entends point

2274 681 2002 94 parler du Pce Primat, je lui ai pourtant écrit par la poste

2279 760 1968 82 Je ne trouve jamais Mr de Peust je veux encore me présenter

2274 825 1992 94 chez celui ci aujourd'hui, ainsi que chez le Cal Percy que je n'ai

2274 896 2000 82 pas vu depuis 15 jours. On n'a pas annoncé ma Messe ni dans

2269 956 1980 84 le Moniteur ni dans le Journal de l'Empire ni dans le Cour-

2272 1020 1960 97 -rier d'Europe. J'ai pourtant écrit et envoyé des Exemplaires

2269 1092 1985 79 à tous ces Journalistes. Si elle était exectuée le 15 Aout, ils en

2267 1159 1999 92 parleraient très longuement a cause de la fête de l'Empereur.

2274 1228 1975 92 Vous voyez qu'avec ces gens là, il faut être bas, intrigant

2269 1298 1997 96 ou revolutionnair : je ne serai donc jamais bien servi par

2272 1382 1997 79 eux. Après mes visites de ce Matin j'irai voir Mme Votre Mère.

2272 1444 1965 89 Elle m'a envoyé avant hier par Charlotte une petit lettre

2267 1506 1994 101 de vous, qui m'apprend que vos Boutons se dissipent, et que

2259 1580 1983 87 vous reprenez votre parfaite Santé. Je vous en fais mon

2272 1654 1947 90 Compliment, j'espère que vous pourrez m'en faire aussi

2257 1724 1957 92 de ce genre a votre retour, je vais de mieux en mieux. je

2262 1796 1987 84 ne souffre aucunement, je dors et mange bien, je me sens des

2267 1870 1962 89 forces et même j'engraisse, je continuerai mon regime mê-

2262 1934 1913 90 -me au delà du besoin, puis qu'il me réussit si bien.

2470 2006 1767 82 Je n'ai point de nouvelles a vous apprendre, on ne

2267 2066 1972 89 sait rien ici, j'ai vu hier dans mon Journal que les nou

2257 2140 2022 89 -veaux élus membres du Corps legislatif des departements

2259 2202 1938 89 de la Toscane se rendront à Paris pour la Session de 1808.

2272 2271 1962 97 On parle ici diversement sur le retour de sa Majesté d'Em-

2264 2351 1995 89 -pereur, ce ne sont que des conjectures. J'aurai peut être plus

2267 2418 1970 79 de choses a vous dire la première fois, je veux m'habiller

2262 2484 1955 90 et déjeûner pour faire mes visites. A tout votre monde

2257 2554 1945 91 le protocole à l'ordinaire, pour vous mille hommages

2257 2623 1273 94 et mes baisers à Marquette.

2524 2690 427 87 ce Lundi.

3630 2675 574 124 (Signé.) Martini.
