4484 2915
2994 252 780 129 Lettre de Martini

2860 425 348 123 Madame,

2527 510 1740 121 Vous désirez que je prenne du grand papier pour vous

2357 602 1888 104 mander des nouvelles de ce pays-ci. Il faut donc que je

2362 680 1944 111 fasse comme font les procureurs, qui mettent deux mots dans

2362 767 1947 112 chaque ligne très espacés l'un de l'autre ; car les nouvelles sont

2362 857 1937 107 très rares et très secrètes, on n'en sait que celles que nous disent

2364 942 1932 119 les journaux. Vous savez quelle forte entreprise qu'est pour moi

2369 1025 1886 111 celle d'écrire une longue lettre ; il m'arrive aussi que je suis

2364 1107 1947 127 plusieurs jours à m'y déterminer, et plusieurs jours à l'ache-

2357 1197 1990 109 -ver. ‒ Vous avez donc éprouvé, Madame, des événements

2362 1268 1964 126 sur votre route ; j'en avais déjà été informée par Mr. Langlés

2364 1355 1913 119 à qui Mr. Drais en avait fait le récit. Mr Langlès doit

2359 1440 1889 117 vous écrire au premier jour, de même que Mr. Ponce que

2372 1523 1946 119 j'ai rencontré sur les boulevards. L'on prétend qu'il y aura

2357 1598 1947 116 bien des changements dans l'Institut. Le conservatoire de mu-

2374 1678 1973 129 -sique va être réformé ces jours-ci. Mr. de la Ferté comme

2364 1766 1947 119 commissaire général, et Mr. Des Entilles comme intendant

2362 1846 2002 136 des menus plaisirs du Roi vont s'y installer et y prendre

2357 1948 1925 92 leurs logements. Le mien me sera conservé et j'espère qu'on me

2357 2008 1956 124 débarrasera aussi le plus tôt possible de cette maudite et insuppor-

2362 2113 673 90 -table école de danse.

2486 2176 1830 126 L'organisation de la musique du Roi n'est pas encore termi-

2369 2256 1969 124 -née. Mr. le Duc de Sienne 1er. gentilhomme de la chambre

2355 2336 1973 139 du Roi, ne veut rien prendre Sur lui, et Mr. le Duc de Fleury

2585 2361 151 68 en exercices

2364 2431 1952 122 premier gentilhomme de la chambre du Roi, ayant l'attribution

2364 2519 1966 121 de la musique, est toujours en Angleterre pour ramasser la dot
