4796 2668
542 364 1757 96 ami, homme aimable probe et respecté de tout le monde, eut à s'en

546 437 1759 92 plaindre d'une manière bien étrange. Un jour ayant eu avec

542 500 1763 93 lui une conversation fort vive, je ne sais sur quel sujet, il s'em-

546 564 1713 94 porta et il dit une foule de choses qui, sans doute, parurent à

542 633 1759 98 Picard propre à faire une bonne scène, quoiqu'il l'eut fort mal

533 707 1754 88 traîté ; car le lendemain Andrieux était venu le revoir pour

538 773 1727 91 se plaindre de nouveau, il ramassa un papier chiffonné sur

535 835 1721 103 leqquel il s'aperçut qu'il marchait ; et ayant regardé ce qu'il

535 904 1732 85 contenait, il y trouva le brouillon écrit en hâte, et sans doute

542 973 1750 89 au moment de son départ, de tout ce qu'il avait dit la veille ar-

540 1038 1418 93 rangé déjà en scène et faisant partie d'une pièce.

622 1107 1661 91 Alexandre Duval n'eut pas moins à s'en plaindre ; il dé-

533 1167 1701 98 voilà surtout sa fausseté dans plusieurs écrits, entr'autres

533 1240 1750 85 dans un mémoire fait en vers et qui était fort remarquable.

618 1302 1654 94 Quoique Picard ait fait beaucoup de pièces dont quelques

540 1376 1730 84 unes pourront rester au théatre, et que ce fut un homme d'es-

540 1436 1730 89 prit ; il était, comme on le voit, sans honneur, sans délica-

529 1502 1738 89 tesse et sans probité morale ; s'acrifiant tout à l'espoir de

542 1569 1723 96 faire quelqu'effet au théatre en y montrant au besoin ses

542 1640 1723 87 amis et les personnes les plus respectables. La leçon qu'il a

542 1707 1763 85 reçue à mon sujet doit néanmoins lui avoir fait faire beau-

533 1767 1759 98 coup de réflexions ; car elle lui valut la désaprobation géné-

540 1843 1743 89 rale. Je ne l'ai point revu depuis, et je l'ai souvent regretté ;

535 1905 1741 93 car j'étais résolue à ne point le ménager en quelqu'endroit

538 1969 1754 105 que je l'eusse rencontré, ce qui m'aurait satisfaite, et aurait

529 2041 1251 111 fort frappé un homme de ce caractère. ‒
