4594 2973
2995 225 659 136 Lettre de Martini

2762 319 399 107 Madame.

2599 530 1648 89 Je viens de recevoir votre petite lettre mais trop tard

2289 611 1938 107 pour envoyer ma réponse à la poste aujourd'hui Jeudi. Je

2284 686 1918 101 n'ai rien appris de nouveau depuis deux jours que je

2287 755 1977 99 vous ai écrit. Vous devez avoir reçu un Magasin de mes lettres

2279 822 1980 107 pendant huit jours. Vous y apprendrez beaucoup de nouvelles,

2294 889 1960 102 surtout celle qui vous rappelle a Paris, et celle de l'arrivée de

2294 958 1938 97 l'empereur. L'arc de triomphe est achevé, et tous les pein-

2287 1023 1930 94 -tres de décorations de Paris sont employés à terminer le

2294 1100 1958 99 plutôt possible celles de Trajan qu'on dit être superbes d'après

2294 1164 1920 106 les plans de M. Degotti. Lorsque vous serez ici il faudravenir

2297 1238 1930 114 avec Mr. de S. dejeûner chez moi, et ensuite descendre a l'attelier

2294 1315 419 97 pour les voir.

2517 1382 1717 97 Je vous dirai pourtant pour nouvelles qu'une des amies

2292 1449 1945 104 intimes de Mde de Ville..... m'a fait la confidence qu'elle

2294 1521 1943 104 allait très sérieusement epouser celui qui l'à publiquement ap-

2292 1593 1935 104 pellée sa bonne Amie. ‒ Je vous felicite sur Votre petit Ma-

2289 1662 1938 109 -got. J'attends pour pouvoir amasser frs 1000 pour

2284 1734 1868 106 placer les frs 5000 à fond perdu à raison de 12 pour %.

2314 1811 1933 89 Vignier vient de me dire que cette lettre pourra encore par

2294 1875 1930 92 -tir aujourd'hui, je me depêche ; pour vous un très beau

2301 1942 1794 94 Bonjour en Faveur de retablissement de votre santé.

2440 2014 1789 104 Je ne sortirai pas ce Matin pour mieux m'occuper de

2324 2091 198 99 Vous.

2353 2217 456 106 Ce Jeudi 23.

3315 2306 662 144 (Signé.) Martini.
