4656 2901
3083 270 779 140 Lettre de Martini

2982 423 336 113 Madame,

2713 592 1667 111 Mon sacr... s'est borné à une forte expression chez

2445 686 1923 102 vous, et n'a pas eu les honneurs du bis. Je vous remercie de

2442 771 915 104 votre bon souvenir pour lui.

2740 843 1613 126 Je ne pourrai pas avoir l'honneur de diner chez vous

2442 935 1892 123 lundi prochain, compte diner chez Mme. Clavies où je n'ai

2440 1037 909 99 pas été depuis trois semaines.

2721 1095 1622 125 Je viens d'apprendre l'heureux accouchement de Melle.

2435 1191 1879 119 Masquette. Voilà un embarras de moins ou de plus, comme

2435 1290 523 85 vous le voudrez.

2682 1344 1707 118 Je ferai bien d'apprendre l'heureux résultat des demar-

2435 1435 1703 124 -ches de Mr le Cte.. J'espère toujours qu'il réussira.

2675 1518 1705 128 Je présente à tous deux mes affectueux et très sincères

2442 1614 949 116 hommages. ‒ Votre ancien.

2520 1752 745 116 Ce Vendredi 6 Mai.

3328 1743 694 186 (Signé.) Martini
