4657 2713
551 330 1785 88 Depuis deux ans nous nous étions promis sans cesse de ne plus nous

551 397 1787 91 quitter. Tout était arrangé en conséquence. Des raisons graves me

540 465 1769 82 font même craindre cette séparation, et je m'en fais un véritable

531 538 1755 81 montre. Il partage ce sentiment et nous sommes d'une tristesse

531 601 1737 72 mutuelle. Vous avions bien vu que ce pauvre Baron irait

542 664 1771 88 jusqu'au printemps. Mais le besoin de porter des consolations et

547 734 1719 82 des conseils à ma fille l'emporte incessament sur tout. A

549 804 1742 91 revoir, Monsieur, portez vous bien, et attendez moi. Que de choses

545 872 617 84 à dire au coin du feu.

1614 929 634 106 (Signé) Constance de Salm.

2472 262 74 79 1818

2442 262 265 142 (de Mme la Princesse

2497 264 158 145 de Salm)

3200 293 310 113 Lettre

3019 429 626 115 A Mr Barbier

3666 587 583 75 Dyck, ce 15 Décembre 181.

2535 660 1728 95 Enfin, Monsieur, je puis partir et aller consoler ma fille de la perte

2472 716 1750 106 cruelle qu'elle vient de faire. Depuis un an, nous avons vu cette triste fin

2474 786 1760 100 arriver pas à pas. Nous en étions navrés, et il n'est pas de soins et

2478 859 1740 97 de moyens qui n'aient été épuisés pour sauver ce brave homme ;

2483 920 1791 104 mais son mal état incurable et j'ai, dans ce moment, le double regret

2483 992 1753 93 de l'avoir vu mourir, et de voir ma fille seule avec trois petits enfans

2485 1053 1796 102 après avoir pris tant de soins pour l'établir convenablement. En vérité

2487 1123 1095 100 c'est un malheur réel pour nous tous.

2546 1184 1742 113 J'ai bien souffert de ne pouvoir être à Paris dans cette triste circonstance

2481 1247 1757 116 mais cela était physiquement impossible. Je n'ai pu quitter Aix

2483 1318 1794 108 que le 1er Décembre ; et la nécessité de revenir chez moi, et de prendre

2476 1388 1805 95 les dispositions nécessaires pour un voyage qui sera long, m'a retenue

2476 1455 1810 109 jusqu'à présent. Les distances sont une horrible chose. Je ne sais, que depuis

2485 1521 1733 109 4 à 5 jours ce triste évènement, qu'une espérance qu'on conserve

2487 1582 1785 120 toujours malgré l'évidence, me faisait croire éloigné. Dans le moment

2481 1661 1802 102 où j'ai reçu la lettre, mon mari m'assurait que je reverrais encore

2476 1736 1249 88 ce brave homme. Enfin, il faut plier le dos.

2562 1797 1724 99 Mon cher mari ne m'accompagnera pas, et l'espoir que nous avons

2481 1865 1730 97 conservé de partir ensemble, a encore retardé mon voyage de

2492 1928 1769 104 quelques jours ; mais cela et impossible. Les affaires les plus graves

2485 2012 1796 83 le retiendront encore chez lui, un mois environ, et je ne puis attendre

2485 2070 1767 100 d'avantage, j'en tomberais malade. Nous mènerons, à la vérité

2481 2131 1780 93 une vie fort triste et retirée à Paris, mais nous serons en famille

2485 2199 1778 95 et nos véritables amis, nos vieux fidèles, vous, Monsieur, et 5 à

2497 2265 1775 99 6 autres sur lesquels je compte, comme sur moi même suffiront

2494 2335 1762 111 bien pour nous faire passer d'agréables momens, surtout pour
