4595 2973
2723 307 370 119 Madame

2944 257 731 112 Lettre de Martini

2510 463 1740 96 Je vous ai vu passer au haut de ma rue avant hier à

2275 532 1973 104 2 heures et 1/2. Il faisait déjà bien chaud ; j'ai pensé que vous souf-

2270 604 1940 111 friez de la chaleur pendant votre voyage, surtout si vous

2272 676 1980 94 êtes en route aujourd'hui Lundi. Il fait ici chaud comme au

2272 733 1961 106 Mois de Juillet j'ai vu ce soir Mr & Mme Berlier qui ont été

2280 815 1953 104 bien fachés de n'avoir pas pu vous souhaiter un bon Voyage.

2287 891 1953 90 Ils vont conclure un marché pour une maison de Campagne

2277 953 1948 85 et m'ont invité de les y aller voir cet été. Elle est a 4 lieus de

2277 1015 1946 89 Paris. Il ne s'est rien passé de remarquable ici depuis votre

2280 1082 1948 102 depart, si non que l'Imperatrice s'est rendue hier au Con-

2277 1152 1978 91 cert du Conservatoire. Elle n'a pas eu l'air d'en être bien sa-

2270 1226 1754 106 tisfaite : apparamment qu'elle n'aime pas la Musique.

2589 1298 1646 81 Nous avons eu hier notre Medecin a diner, qui nous a bien

2285 1362 1960 89 recommandé à tous a part de ne point inquièter Mde d'E. sur

2272 1441 1968 95 son mal de sein en voulant la consoler de laisser aller les choses

2277 1508 1923 87 comme elles vont ; les operations et les remèdes seraient inutiles

2277 1575 1918 99 à son âge. Il y a beaucoup d'instans qu'elle ne souffre pas

2267 1647 1961 94 mais le mal ne va peut-être pas moins son train, ainsi il

2262 1716 1924 100 faut s'attendre à tout un peu plus tôt ou un peu plus tard.

2456 1786 1759 99 Vous vous appercevez peut être par cet echantillon, que

2280 1870 1970 92 c'est le soir que je prends pour pouvoir écrire mieux. si cela

2277 1932 1966 92 continue on ne pourra bientot plus me lire. et pour aujour-

2275 1989 1953 111 -d'hui je vais avoir l'honneur de vous souhaiter un très joli

2265 2083 292 89 bonsoir.

2428 2110 1787 122 Ce Mardi matin je me lève avec la disposition de me

2267 2202 1914 99 promener a Dyck, vous ferez certainement de même, la

2277 2261 1990 109 Campagne est très agréable, et vous y aurez du plaisir ne fut

2272 2341 1988 109 -ce que par le travail que vous y faites. je vous souhaite donc

2272 2420 645 104 mille occupations.

3303 2484 645 144 (Signé.) Martini.

2505 148 191 114 Imprés.

2503 257 253 82 Concub. Const.

2909 143 526 94 1804 ou 1805

2285 2712 401 90 non copié

4240 2824 47 94 2
