4594 2973
2993 240 659 126 Lettre de Martini

2760 314 399 114 Madame.

2596 530 1648 89 Je viens de recevoir votre petite lettre mais trop tard

2284 611 1940 107 pour envoyer ma réponse à la poste aujourd'hui Jeudi. Je

2282 686 1918 101 n'ai rien appris de nouveau depuis deux jours que je

2284 755 1977 99 vous ai écrit. Vous devez avoir reçu un Magasin de mes lettres

2277 822 1980 107 pendant huit jours. Vous y apprendrez beaucoup de nouvelles,

2294 889 1958 102 surtout celle qui vous rappelle a Paris, et celle de l'arrivée de

2294 958 1935 97 l'empereur. L'arc de triomphe est achevé, et tous les pein-

2284 1023 1930 89 -tres de décorations de Paris sont employés à terminer le

2294 1097 1955 102 plutôt possible celles de Trajan qu'on dit être superbes d'après

2294 1166 1918 104 les plans de M. Degotti. Lorsque vous serez ici il faudravenir

2294 1238 1930 112 avec Mr. de S. dejeûner chez moi, et ensuite descendre a l'attelier

2294 1318 416 94 pour les voir.

2515 1382 1717 97 Je vous dirai pourtant pour nouvelles qu'une des amies

2289 1449 1945 99 intimes de Mde de Ville..... m'a fait la confidence qu'elle

2294 1518 1940 107 allait très sérieusement epouser celui qui l'à publiquement ap-

2289 1595 1935 102 pellée sa bonne Amie. ‒ Je vous felicite sur Votre petit Ma-

2287 1664 1937 107 -got. J'attends pour pouvoir amasser frs 1000 pour

2282 1731 1868 107 placer les frs 5000 à fond perdu à raison de 12 pour %.

2311 1811 1933 81 Vignier vient de me dire que cette lettre pourra encore par

2294 1872 1928 107 -tir aujourd'hui, je me depêche ; pour vous un très beau

2299 1942 1794 101 Bonjour en Faveur de retablissement de votre santé.

2438 2016 1789 102 Je ne sortirai pas ce Matin pour mieux m'occuper de

2321 2091 199 101 Vous.

2351 2217 456 116 Ce Jeudi 23.

3310 2301 664 146 (Signé.) Martini.

2700 131 1009 87 Lettres de Mr Mr. Martini

2316 2717 397 102 non copié

3920 109 408 193 Arc de Triomphe

3818 230 161 82 [......]

3820 272 181 114 rentables
