4430 2721
317 360 1704 86 production d'une dame dont tous les écrits portent l'empreinte d'un

317 428 1415 91 vrai talent et n'ont rien à craindre des circonstances.

660 505 862 82 Je vous prie d'agréer, Madame,

1401 562 604 81 l'hommage de mon respect

1413 625 571 91 (Signé) Fabien Pillet.

297 730 109 63 1824

267 736 252 146 (de Mr le Bon de

308 804 200 114 Ladoucette)

1077 718 247 125 Lettre

775 866 864 118 A Mme la Princesse de Salm.

1501 1024 499 87 Paris, ce 14 avril, 1824.

383 1097 1653 95 La femme sensible allait au coeur du solitaire de la rue Chante-

322 1170 1699 83 reine. Il a compris ; il a senti parfois ses yeux mouillés de larmes.

372 1228 1655 98 Il fera de suite les envois à MM. Dupaty, Merville, de la Mésangère.

362 1299 1627 84 La Princesse peut adresser la Sapho à Mr le Peintre, rue des

317 1358 1740 97 fossés St Germain. Il insérera ce bel ouvrage dans se bibliothèque

317 1421 1706 86 dramatique, et il m'a paru qu'il serait flatté qu 'elle s'abonnât

326 1487 1715 86 à ce répertoire dont l'entreprise est vraiment française. Il désire

328 1560 935 88 obtenir, en présent, les 24 heures.

362 1628 1702 90 L'actionnaire des Ponts a vu le trésorier qui se met en campagne

326 1691 1713 91 et qui préviendra de ce qu'il pourrait avoir. D'un autre coté veut

317 1752 1738 96 ou prêter à une grande maison de librairie à 6% sur effets endossés

328 1827 1683 93 par des personnes connues peut être 5% sur hypothéque ?

399 1965 1608 87 Mille hommages bien sincères pour l'heureux couple de la

322 2033 1363 100 rue du Bac ; mais plus tendres pour la Princesse

1304 2149 635 116 (Signé) Bon de la Doucette.

2290 290 105 75 1824

2259 281 290 167 (de Mr Desaudrai)

2982 301 307 102 Lettre

2751 428 769 125 A Mme la Princesse de Salm

3461 580 524 86 Paris, ce 24 avril, 1824.

2533 666 937 91 Princesse digne de tous nos hommages,

2365 727 1584 109 J'ai lu avec le même plaisir que j'ai toujours éprouvé, en

2313 802 1672 93 recevant vos divers ouvrages, les Stances ingénieuses, dans lesquelles

2311 868 1638 93 avec une prudente économie, vous prodiguez des éloges à un genre

2302 931 1676 98 nouveau, où mille beautés qui se perdent dans les nues, y restent

2309 999 1631 93 même invisibles, et dont il paraît que l'éclat n'est qu'une

2309 1067 1714 98 phosphorescence d'épourvue de cette chaleur vivifiante qui produit

2311 1136 1644 90 et nourrit la sentiment dans un siécle où tous les talens

2315 1201 1731 96 prétendent à la supériorité, vous consentiriez même à faire alliance.

2313 1265 1674 88 avec une nouvelle école qui paraît si fort éloignée de la nature

2315 1326 1634 107 par son Origine comme par ses resultats ! C'est pousser bien

2313 1414 542 87 loin la générosité !!

2352 1460 1642 106 Quand le modeste et singuliérement actif Lycée des arts si

2313 1530 1710 100 courageux au milieu des lâches doctrines auxquelles il a cons-

2318 1594 1715 99 tamment résisté (sans s'écarter de la vieille école) s'enorgueillis-

2313 1659 1697 100 sait de vos aimables productions, notre âme s'y ouvrait aux

2325 1723 1723 100 doux sons de votre voix touchante, s'y élevait aux idées les plus

2320 1789 1692 97 consolantes ! Cette voix n'était pas modulée sur le ton éclatant

2320 1866 1694 97 du romantique ! et cependant tout le monde vous comprenait

2322 1929 1692 111 vous admirait, vous applaudissait. Vous n'étiez pas montée

2325 2002 1728 104 sur des échasses. Vous ne cherchiez pas à surprendre l'attention,

2325 2067 1680 100 vous étiez sûre de plaire et d'intéresser, vous saviez vous mettre

2327 2135 1717 100 au niveau de toutes les sensibilités ! - plus d'une couronne vous

2334 2194 1680 112 a été justement décernée et l'on y retrouvera votre bon esprit

2334 2267 1665 102 et surtout votre coeur, dans le compte rendu que je m'occupe de
