4430 2721
2372 321 114 82 1824

2331 317 302 175 (de Mme la Princesse

2422 360 177 118 de Salm)

3050 344 295 104 Lettre

2885 467 683 118 A Mr Bertin

3520 625 537 91 Paris, ce 12 Avril 1824.

2452 691 1653 93 La Princesse de Salm à fait remettre au bureau du Journal des

2377 770 1726 75 débats deux exemplaires d'un petit roman qu'elle vient de publier

2379 832 1726 90 intitulé : 24 heures d'une femme sensible. Elle croit que ce sera Mr

2379 902 1717 77 Hoffman qui se chargera de l'article ; mais comme la politique laisse

2388 970 1672 82 bien peu de place à la littérature, dans ce moment, elle désirerait

2383 1036 1668 84 vivement que l'on put dire, dans les petites nouvelles de Paris,

2383 1106 1663 91 quelques mots de son ouvrage, en annonçant qu'on en rendra

2390 1170 468 88 compte plus tard.

2438 1235 1563 84 Quoi qu'elle n'ait aucunement l'avantage de connaitre

2379 1303 1710 77 Monsieur Bertin, plusieurs personnes l'ont engagée à s'adresser

2374 1365 1727 83 à lui pour obtenir que cette petite annonce fut insérée dans

2365 1430 1699 82 le journal, et c'est ce qui l'a décidée à lui en écrire un mot

2415 1498 1640 84 Serait il donc assez complaisant pour lui rendre ce service ?

2368 1564 1683 86 Elle lui en aurait d'autant plus d'obligation que l'ouvrage

2377 1630 1746 95 ayant quelque succès dans ce moment, l'entier silence du journal

2372 1698 1282 86 ses débats pourrait lui devenir préjudiciable.

2415 1757 1622 91 Dans tous les cas, elle s'empresse d'envoyer son ouvrage à

2363 1827 1719 104 Monsieur Bertin et elle profite avec plaisir de cette occasion

2365 1902 1330 113 pour l'assurer de sa considération distinguée.
