4657 2713
3130 271 335 122 Lettre

2772 402 1131 129 A. SM. l'Empereur Alexandre.

3632 553 617 104 Atix la Chapelle, le 20 Sorr, 1816.

2736 639 208 100 Sire,

2673 757 1287 113 Nuit et jour occupé du bouheur de la Terre

2671 829 1311 106 Quand pour vous délasser de vos soins glorieux

2677 908 1143 109 Quelque distraction vous sera mécessaire.

2680 974 1361 99 Sur ces vers, un instant, s de se dr les yeus.

2680 1033 1312 110 Vous y verrez partout l'amour de la justice,

2675 1101 1326 108 Des droits et des devoirs le simple sentiment,

2680 1164 1262 115 Et ces sages desirs qu'exprime libremnent

2827 1232 1194 104 Un coeur exempt de crainte et d'artifice.

2677 1286 1423 120 Hh si dans des trausports plus sairés et plus doux,

2684 1365 1289 109 J'avais peint la sagesse auprès de la victoire

2680 1437 1323 89 de l'Europe irritée enchainant le courroux :

2682 1498 1409 107 Si de mille hauts faits, qu'on aura peine à cror.

2684 1562 1287 115 de A'nour de la paise qui les surpasse tous,

2684 1627 1339 113 Mes vers avaient grossi les fastes de l'histoire

2684 1702 1274 99 A la philosophie, à ses plus simples gouts

2696 1765 1271 106 P'il eussent allié les fauriers de la Gloire,

2691 1840 1321 99 Ce livre aurait été bien plus digne de vous :

2689 1905 1400 109 Mais quoique le poête en ses tableaux ressemble,

2999 1978 775 92 Et d'héroisme et de vertu

2693 2032 1534 122 A l'homme il faut toujours que le portrait ressemble

2700 2111 1448 111 Et pour bien concevoir tant de grandeur ensemble

2974 2181 923 104 Sire, il fallait qous avoir vu.

3435 2290 787 129 (lincé) Coudtaqce Princesse de Salm.

2406 2480 68 81 1515
