4657 2713
565 302 1744 95 Princesse pense qu'on lui fera parvenir promptement cette lettre

554 373 1746 90 qu'elle envoye chez lui à tout hasard, et dans tous les cas, elle le prie

558 440 1755 107 de vouloir bien lui faire passer sa réponse dès qu'il lui sera possible

549 510 873 89 afin qu'elle l'envoye à son mari.

615 569 1734 111 Malgré le petit embarras qu'elle lui donne, elle se félicite de ce qu'une

549 651 1692 86 circonstance quelconque la met en relation avec lui, et lui donne

554 714 1741 99 l'occasion de l'assurer de nouveau du plaisir qu'elle a eu à Le

547 779 1753 107 rencontrer à Aix, et de la haute considération dont elle le prie de

551 845 1041 102 recevoir les expressions bien sincères.

538 1049 72 88 1819

520 1067 260 131 (de Mr Cherubini)

1284 1017 326 120 Lettre

1101 1143 658 147 A Mme la Princesse de Salm

1800 1313 502 102 Paris, ce 20 Janvier, 1819.

692 1379 285 74 Madame,

610 1498 1470 102 Les lettres que vous n'avez adressées pour faire remettre à Mr

545 1591 1293 70 ont été immédiatement envoyées à leur d'estination.

619 1645 1690 91 Vous m'avez fait l'honneur de m'inviter à diner pour demain, et tout

545 1718 1732 79 en vous remerciant, j'ai le regret de vous prévenir que je ne pourrai me

547 1779 1787 95 rendre à votre aimable invitation, attendu que je dinerai à St Denis, étant

549 1849 1721 90 obligé d'y aller avec la Chapelle du Roi pour le service funèbre qu'on

547 1923 1726 89 célèbrera pour l'anniversaire de la mort de Louis XVI. Veuillez agréer

554 1996 1712 93 Madame, et mes excuses, et les expressions des sentimens respectueux

560 2066 878 106 avec lesquels j'ai l'honneur d'être.

1565 2199 784 95 Votre très humble et très obéissant

1549 2260 703 122 Serviteur (Signé) Chérubini.

2458 273 77 86 1819

2420 271 287 138 (de Mr Mollevaut)

3175 278 265 104 Lettre

2938 427 760 115 A Mme la Princesse de Salm.

3648 273 554 149 (Cor. génle (no 20))

3716 571 511 89 Paris, ce 24 fevr, 1819.

2632 660 276 70 Madame,

2553 784 1619 86 Je connaissais déjà plusieurs de vos ouvrages, mais je les lirai

2474 850 1764 108 tous avec d'autant plus de plaisir que j'ai appris par la renommée

2469 920 1710 99 que vous joigniez à un beau talent une âme plus belle encore.

2535 994 1601 88 Veuillez agréer tous les remerciemens et les respects. Madame,

3478 1051 717 79 de votre très humble et très

3462 1121 511 86 obéissant Serviteur.

3616 1193 593 77 Signé O. L. Mollevaut.

2463 1313 119 97 1819

2433 1293 287 178 (de Mme la Princesse

2501 1318 183 147 de Salm)

3209 1315 276 100 Lettre

3053 1444 572 120 A Mr Marron

3722 1602 509 84 Dyck, ce 16 Mai, 1819.

2517 1673 1698 99 Je vous ai promis, Monsieur, que je vous écrirais le première et je

2478 1747 1724 95 le fais, non seulement pour vous agacer, comme on dit, car je n'ai rien

2490 1824 1737 86 à vous apprendre que ce que je rapporte de Paris et je ne crois pas que

2478 1885 1742 97 vous vous en soucierez beaucoup. Quant aux petits détails de mon voyage

2481 1948 1734 102 je les ai déjà fait 15 fois dans 15 lettres différentes, et sans doute

2483 2021 1796 101 à peu près dans les mêmes termes, et je n'ai plus le courage de les récrire

2481 2095 1721 79 d'autans qu'il ne sont guéres intéressans ; rien n'a troublé notre

2485 2163 1769 93 repos pendant 120 lieues, pas même les douanes des deux royaumes

2483 2229 1723 92 qui ont été d'une courtoisie charmante ; je m'en suis tirée avec la

2474 2301 1748 81 modique somme de 30 frs divisée par six, nous sommes partis de Paris

2481 2371 1732 86 le vendredi à 1h après midi, et nous sommes arrivés le lundi à 4h
