4556 2741
340 333 1805 105 à nous en consoler en voyant que ceux qui nous ont mangés, ne sont

345 406 1793 94 pes plus heureux que nous et que les mangeurs en Chef (les Anglais

338 468 1768 100 sont dans la position la plus fâcheuse. Comme tout ce qui se passe

338 548 1768 84 depuis quelques années commence à me faire croire à la providence

354 605 1782 100 j'epère qu'il leur arrivera quelque grande Catastrophe. Cependant

340 678 1727 89 comme dit l'Evangile, je ne veux pas la mort du pécheur, mais je

331 740 1766 96 souhaite que la leçon soit assez forte pour les convertir, et leur

345 804 1768 100 faire sentire que leur intérêt est le même que celui des peuples du conti-

326 883 174 74 nent.

420 934 1677 109 M. de Chateaubriand travaille dans ce moment-ci à un ouvrage

322 1002 1768 117 en faveur de la liberté de la presse. Lui et son parti espèrent bien,

338 1075 1766 108 si elle leur est accordée, s'on servir pour renverser le Ministère, la

342 1146 1803 103 charte constitutionnelle etc., et empêcher leurs adversaires d'en faire usage.

427 1212 1675 101 Ma femme se porte très bien. Elle me charge de vous dre beaucoup

331 1274 1766 105 de chases. Mes deux filles vous assurent de l'leur respects M.me Courier n a'l

324 1347 1766 80 point encore d'enfant, ni apparence d'en avoir. lla n'est pas dine très

333 1411 1759 94 bonne santé e le mariage ne lu a pas réussi quoi'elle sait aussi

324 1480 1757 98 heureuse qu'elle puisse l'être. Courrier se porte bien ; il travaille au

342 1544 1769 100 grec, joue à la Paume etc. Je l'avais mis sur les rangs pour Académicien

333 1617 1725 98 libre ; mais quand j'ai vu la tournure que prenaient les choses, je

342 1683 1757 89 n'ai donné aucune suite à cela et il n'a pas fait la moindre visite.

431 1740 1677 103 Je ne sais si vous pourrez tout ce griffonnage. Les papiers

345 1811 1736 103 publics m'ont appris que votre époux était révérent Prince et par

345 1884 1727 103 conséquent que vous êtes Princesse : je devrais d'après cela terminer

338 1950 1738 98 ma lettre per des formules de respect ; mais je fais trop de cas

331 2021 1711 100 de vous pour cela. Je finirai donc en vou assurant de mon

338 2094 729 91 plus sincère attachement.

2376 292 96 103 1816

2323 283 316 201 (de Mme la Princesse

2435 347 181 109 de Salm)

2426 710 1663 80 Je profite de votre exprès pour vous dire, mon voisin, que nous avons

2394 772 1746 82 le Prince de Salm Krautein et sa famille. Ils restent demain

2387 842 1714 78 si vous voulez tous venir augmenter la bonne société, vous nous

2383 915 1761 80 ferez grand plaisir. Si Mme van der Lein est encore demain à Liedberg,

2394 984 1773 80 nous l'engageons à venir et nous vous chargeons de toutes les négociations.

2451 1043 1707 83 Il fait un si beau clair de lune que le diner du soir serait possible ;

2385 1110 1741 80 on y est mieux entre soi, pourtant je vous leise tous les maitres et

2392 1171 1752 76 vous prie seulement mon cher voisin de m'envoyer dans la journée la

2392 1242 1195 71 réponse de tous le monde et de vous à la tête.

2579 1301 882 85 Mille assurances d'amitié sincère.

3411 1359 674 96 (Signé) Constance de Salm.

2408 1432 1741 93 Toutes réflexions faites, j'envoie le petit prêtre qui rapportera la réponse.

1398 2227 475 105 (Signé) Clavier.

2385 1585 94 105 1816

2344 1596 283 176 (de Mme la Princesse

2426 1612 158 128 de Salm)

3089 312 390 131 Lettre

2952 475 948 116 A Mr Prons (au chateau de Liedberg)

2424 1907 1707 93 Mille compliments à Mr Prons et à son aimable hotesse, s'il

2389 1982 1700 85 l'a encore. J'envoie savoir de leurs nouvelles et les prie de me faire

2383 2051 1718 86 savoir si j'aurai le plaisir d'avor une de ces Dames ? Laquelle ?

2387 2119 1716 78 et enfin s'il ne viendra pas aussi me voir et dissiper ses ennuis en

2394 2181 519 80 dissipant les miens.

2428 2247 1652 89 Je suis toute en l'air, attendant, n'attendant pas quelqu un ; ne

2383 2320 1722 89 sachant si je resterai seule ou si j'aurai une agréable compagnie, et

2385 2389 1718 96 enfin, mécontente de tout, parce que je ne suis sûre de rien, ce qui est

3082 1539 354 112 Lettre

2993 1678 957 112 A Mr Prons (au chateau de Liedberg)

2287 2508 77 75 104

3603 641 516 71 Dyck, le 13 Août, 1816.

3607 1834 517 82 Dyck, ce 19 Août, 1816.
