4657 2713
524 255 93 99 1818

504 246 283 188 (de Mme la Princesse

597 298 153 104 de Salm)

1248 298 328 122 Lettre

1085 449 631 109 A Mr Raboteau

1761 605 568 84 Dyck, ce 6 Décembre, 1818.

592 669 1719 92 Un mot seulement, Monsieur et véritable ami, je n'ai pas répondu

538 746 1764 81 à Aix à votre bien aimable lettre, à peine si je le puis ici à travers

542 813 1776 86 les dispositions que je fais pour mon départ. Vous ne vous figurez pas

538 877 1762 77 ce qu'a été pour moi le Congrès. Accoutumée à une vie tranquille et

533 945 1733 81 studieuse, ayant mille choses en tête, et étant sans cesse occupée de la

536 1010 1737 91 triste situation de ma fille, il m'a fallu paraître, donner des soirées,

540 1076 1769 79 aller à celles ou j'étais invitée, être satisfaite et reconnaissante des

536 1141 1825 97 honneurs dont j'ai été comblée, et, à travers tout cela, recevoir encore

540 1216 1814 86 tout à coup (ce que je vous raconterai) une manière de coup d'assommoir

540 1288 1733 77 qui a mis en danger presque le repos de toute ma vie. En vérité la

533 1349 1744 86 charge passe le bénéfice, et je ne sais plus ce que je désire au

531 1413 1760 83 monde si ce n'est de vivre enfin tranquille dans tel lieu que ce soit.

585 1483 1717 90 De retour d'Aix, où vous avons dépensé un argent fou, je trouve

529 1546 1823 95 ici mille inconvéniens que ma présence seule peut mettre en bon ordre

520 1616 1823 104 et qui nécessiteraient un plus long séjour. Mais il n'y a pas à hésiter.

531 1688 1796 86 Je fais tout à la hâte, je répare, comme je le peux, ma santé, qui,

520 1749 1759 91 à 51 ans, a peine à suffire à tant d'émotions en tous genres, et je

517 1824 1796 84 vais vous arriver comme je le pourrai pour consoler et aider ma

531 1887 1787 86 fille. Tout était disposé pour les premiers jours de Janvier. Je pensais

536 1948 1773 98 que son mari irait bien jusque là au moins ; mais je crois que je ne

524 2018 1805 93 le reverrai plus et j'avoue que je n'éprouve d'autre sentiment dans ce

531 2086 1764 91 moment que celui de la triste situation où est ma fille et du besoin

533 2152 1803 86 de la lui adoucir. Le brave homme n'a pu être sauvé par rien et

536 2224 1804 91 il a empoisonné l'année qu'il a passée avec nous, de tant d'amertumes

540 2292 1776 86 et de désordres d'esprit en tous genres, que, bien que sa maladie en fût

522 2351 1814 122 sans doute la cause, j'ai fini par m'y intéresser plus pour ma fille

2467 330 1794 92 que pour lui. Tout étant, je le redis, disposé pour les premiers jours

2463 388 1741 107 de Janvier, il me sera presqu'impossible d'arriver avant. Je dois

2463 463 1804 99 partir le 25 et je devrai m'arrêter à Bruxelles 2 jours pour une chose

2467 526 1805 93 indispensable. Ecrivez moi un mot, je vous prie, au reçu de cette lettre

2467 594 1837 91 j'aurai encore le temps de la recevoir ou au pis aller on me la reverrait

2467 660 1762 90 A revoir donc, Monsieur et ami, mille choses tendres à votre famille

2474 725 1540 104 et autant pour vous du ménage de Dyck qui vous embrasse.

3560 782 646 111 (Signé) Constance de Salm.

2467 890 113 113 1818

2449 883 280 181 (de Mme la Princesse

2483 895 199 165 de Salm)

3207 895 334 124 Lettre

2999 1042 642 117 A Mr Raboteau

3747 1200 530 84 Dyck, ce 15 Décembre, 1818.

2539 1270 1695 91 Je pars, Monsieur et ami ; mon mari me rejoindra dans 15

2472 1333 1798 102 jours. Le triste évènement que vous savez ne me permet pas d'attendre

2472 1401 1775 97 d'avantage quoique je souffre extrèmement d'un rhumatisme qui me

2469 1462 1780 91 tient le dos et la tête. C'est l'âge qui nous mène où ce pauvre Mr. de

2481 1535 1750 92 Francq est déjà ; mais il est à plaindre de n'avoir pas achevé sa

2476 1596 1789 97 Carrière et de laisser une famille. de desiié se se et ets dbes ger

2503 1657 1726 106 aunte mnese ) d t se vrnret le sller iés à t aun lablier se se ben

2512 1722 1717 111 aue mmm g de ett sable il de s ate la s Dilesllée pe se le) ta vrs ett ll.

2510 1781 1715 124 (ied leurlgrr te ett il n le la ntadune laitre ett de je etts ettp res'ettls

2519 1862 1690 109 o obler ne et dépar demplae mflilas de s g é sli des

2521 1930 1694 111 à stade Pamrelagibiee le mp le s il l'ap tate ce gtere et le le

2519 2009 1712 93 de me lue made de ste vo te te dlen se s dpdresse ett puresg ett gue dire

2533 2066 1707 106 de et le ses sere gdinre la lalma le de dn srs s vorele se direna dire à de

2528 2131 1687 118 rimior tritanée cette ate me s7 s l eprs tres bans ce lag tires

2528 2211 577 92 (e prise de daede de sa.

2564 2281 1706 79 Croiriez vous que je suis assez enfant pour me laisser aller aux

2478 2342 1717 108 plus tristes pressentimens sur ma séparation d'avec mon mari.
