4430 2721
392 308 107 88 1824

331 283 340 195 de Mme la Princesse

412 367 177 125 de Salm)

1043 342 299 106 Lettre

927 471 624 118 A Mrle Ce. Orloff.

1569 637 549 72 baris, ce 13 Avril, 1824.

437 687 1720 106 La Princesse de Salm, qui doit parter incessamenent, engage Manseir

387 764 1715 81 le Comte Arloff à venir la voir demain soir (mecredi) s'il lu

387 843 1693 77 est possible ou Vendredi soir jour de ses petites réunions elle

383 900 1687 79 noudrait lui parler de la fable en ques tion et surtout profiter

385 965 1708 91 de cette occasion pour faire sa connaissance avant de quitter Paris.

381 1031 1358 84 Le Prince séra aussi fort charmé de le recevoir.

442 1099 1613 102 Elle a l'honneur de l'assurer de sa considération distinguée.

360 1183 100 86 1826

328 1199 293 175 (de Mme Pigand)

1075 1199 333 111 Lettre

1497 1210 514 139 (Cori génte (n° 20)

832 1333 805 113 A Mme la Princesse de Salm

1565 1494 539 93 Faris, ce 13 Avril, 1824.

437 1555 279 95 Madame,

437 1623 1663 107 C'est sous les Auspices de Mr Amaury Duval que je viens vous faire

378 1711 1697 89 hommage d'em recueil de lables que j'ai publié il y a quelques mois

381 1784 1687 84 La seconde partie est sous presse, et je me propose de vaus l'assrir

378 1848 1502 79 aussi. Je désire que cet ouvrage soit digne de votre attention.

428 1913 1618 80 Mr le Bailly notre aimable fabuliste m'a dit que vous vous

374 1981 1737 86 sccupiez quelqueffois de poèsie et que nous verrions de vos veuvres dans

381 2049 1730 91 le recueil d'apoloques que Mr Ce Comte brloff va publier. Cet ouvrage

374 2124 1737 77 en russe, italien et brancais dont l'auteur parait un homme dun

369 2190 1754 82 grand mérite ne peut manquer de piquer les amateurs de la litté-

376 2258 1685 82 rature nationale et étrangère. Je me trouverai parmi les auteurs

376 2319 1454 93 francais. ; j'espère me sauver à la faveur de la foule.

2431 362 1615 80 Votre amnour pour les lettres et vos succés m'ont fait desirer

2388 442 1647 72 d'avoir l'honneur de vous présenter mes homanages. Mr Duval a

2383 505 1697 75 bien voulu me dire que vous daigneriez les agréer. Il ne me reste donc

2386 573 1694 82 Madame, qu'à vous prier de me designer le moment où je pourrai

2386 632 1005 95 me procurer l'avantage de nous voir.

3252 698 815 75 Je sis avec respect, Madame, Votre

3114 761 921 87 tiès humble et brès obeissant serniteur

3298 827 655 89 (Signé) Cliaguste Rigand.

2377 938 95 71 1826

2329 938 243 164 (de cr fabien

2397 1011 145 100 (dillet)

3132 954 290 93 Lettre

3513 954 456 107 Cor. génte (n° 20)

2799 1067 873 123 A Mme la Princesse de Salm

3003 1222 678 109 Université de France

3617 1349 468 93 Pauis, ce 88 Avril, 1826.

2563 1426 326 79 Madame,

2504 1492 1594 88 Je me quis empressé d'envoyer à Mr le rédacteur en chef du

2386 1564 1706 91 Journal de baris l'annouxe préliminaire des 24 heures d'une femme

2377 1630 1696 81 sensible. Je crains bien que ce ne soit un envoi inutite. Le Journat

2379 1700 1731 84 de Paris est tout à la bolitique et je vous avone que j'y ai fort peu

2377 1766 1730 77 de credit, Il me serait eptremement agréable d'avoir à rendre compte

2379 1832 1724 84 de votre nouv el ouvrage. dans cette feuille, mais les romans ne sont

2390 1902 1706 86 pas de mon ressort, et il faudrait une bonne volonté marquée de la

2383 1981 1727 75 part des propriétaires du journal pour que ce livre me fut envoye.

2395 2052 1715 65 Voici pourtant, Madame, un moyen qu'on pourrait tenter. Mr.

2390 2108 1715 80 gratiot libbraire imprimeur, rue du foin St Jacques Nl 18 est un

2393 2176 1728 73 des actionnaires les plus influens. Si votre libraire en lui portant

2397 2238 1704 90 les 2 exemplaires lui demandait de votre part que je fusse charge

2390 2303 1475 86 de l'article, peut être m'accorderait ou cette satisfaction

2429 2371 1678 93 Je suis assuré d'avance di plaisir avec lequel je lirai cotte nouvelle
