4595 2973
2986 225 711 116 Lettre de Martini.

2825 329 374 111 Madame

2545 527 1725 117 C'est uniquement pour vous donner une marque de

2299 626 1976 97 mon souvenir que je vous adresse celle lettre, car je n'ai absolu

2299 706 1978 81 -ment rien de nouveau a vous apprendre. J'ai lu les Details de

2307 772 1950 90 Votre Voyage dans la lettre que Melle Minette a écrite a sa

2312 847 1973 82 grand Maman. Je suis charmée que vous soyez arrivée a Brux

2304 911 1993 89 -elles sain et sauve. Avez vous passé devant l'hotel de l'angle

2297 978 1978 92 -terre ? devant la Boutique de la Marchande de 9ants au gros

2295 1043 2002 99 pouce ? depuis votre départ je ne fais que flaner. Je dine en

2317 1114 1948 82 Ville le plus souvent possible, mais jamais deux Jours de

2307 1181 1978 87 suite à cause de Mde d'Et. j'ai même diné hier au Marais

2299 1251 2008 91 avec Mde de Joliveau. Vous devez avoir eu bien chaud dans votre

2302 1322 1973 90 Voiture, comment vont vos Boutons ? comptez les pour m'ap-

2304 1394 1966 85 -prendre dans chacune de vos lettres la diminution du nom-

2307 1461 1958 94 -bre. Mde. Votre Mère. doit vous avoir écrit qu'elle en à enor-

2302 1531 387 84 -mement.

2488 1595 1750 92 l'On vient de repandre a toutes les portes eschères

2307 1669 1973 80 un imprimé en forme d'une petite lettre dans lequel Mde

2312 1746 1978 92 de Genlis et son Casimir sont cruellement persiflés. Je vous

2307 1820 1160 72 l'enverrai avec ma prochaine.

2523 1885 1772 92 Je commence à me flatter que je recevrai bientot

2309 1959 1953 89 de vos nouvelles, vous voyez Madame que je suis exactt

2309 2019 1886 104 et de parole, je serai toute ma vie de même. Agréez en

2827 2093 1378 111 je vous prie, les nouvelles assurances.

2309 2182 407 154 Mardi d Mai.

3298 2323 647 139 (Signé. Martini.

2510 118 374 127 [...] [.....]

2642 195 163 127 Genlis

2329 2722 419 92 non copié
