<?xml version='1.0' encoding='UTF-8'?>
<alto xmlns:xsi="http://www.w3.org/2001/XMLSchema-instance" xmlns="http://www.loc.gov/standards/alto/ns-v4#" xsi:schemaLocation="http://www.loc.gov/standards/alto/ns-v4# http://www.loc.gov/standards/alto/v4/alto-4-2.xsd">
  <Description>
    <MeasurementUnit>pixel</MeasurementUnit>
    <sourceImageInformation>
      <fileName>CdS02_Konv002-02_0052.jpg</fileName>
      
    </sourceImageInformation>
  </Description>
  
  <Tags>
    <OtherTag ID="BT46" LABEL="MainZone" DESCRIPTION="block type MainZone"/><OtherTag ID="BT47" LABEL="CustomZone:opener" DESCRIPTION="block type CustomZone:opener"/><OtherTag ID="BT48" LABEL="CustomZone:closer" DESCRIPTION="block type CustomZone:closer"/><OtherTag ID="BT49" LABEL="RunningTitleZone" DESCRIPTION="block type RunningTitleZone"/><OtherTag ID="BT50" LABEL="CustomZone:page" DESCRIPTION="block type CustomZone:page"/><OtherTag ID="BT58" LABEL="NumberingZone" DESCRIPTION="block type NumberingZone"/><OtherTag ID="BT59" LABEL="MarginTextZone" DESCRIPTION="block type MarginTextZone"/><OtherTag ID="BT74" LABEL="CustomZone:header" DESCRIPTION="block type CustomZone:header"/>
    <OtherTag ID="LT25" LABEL="DefaultLine" DESCRIPTION="line type DefaultLine"/><OtherTag ID="LT26" LABEL="InterlinearLine" DESCRIPTION="line type InterlinearLine"/><OtherTag ID="LT27" LABEL="CustomLine:signature" DESCRIPTION="line type CustomLine:signature"/><OtherTag ID="LT28" LABEL="CustomLine:verse" DESCRIPTION="line type CustomLine:verse"/><OtherTag ID="LT29" LABEL="CustomLine:dateline" DESCRIPTION="line type CustomLine:dateline"/><OtherTag ID="LT30" LABEL="HeadingLine:title" DESCRIPTION="line type HeadingLine:title"/><OtherTag ID="LT31" LABEL="CustomLine:salute" DESCRIPTION="line type CustomLine:salute"/><OtherTag ID="LT32" LABEL="CustomLine:postscript" DESCRIPTION="line type CustomLine:postscript"/><OtherTag ID="LT49" LABEL="CustomLine:header" DESCRIPTION="line type CustomLine:header"/><OtherTag ID="LT60" LABEL="CustomLine:annotations" DESCRIPTION="line type CustomLine:annotations"/>
  </Tags>
  
  <Layout>
    <Page WIDTH="4538" HEIGHT="2770" PHYSICAL_IMG_NR="10" ID="eSc_dummypage_">
      <PrintSpace HPOS="0" VPOS="0" WIDTH="4538" HEIGHT="2770">
        
        <TextBlock HPOS="2270" VPOS="341" WIDTH="348" HEIGHT="127" ID="eSc_textblock_ec75cd17" TAGREFS="BT74">
          <Shape><Polygon POINTS="2581 341 2618 385 2554 468 2270 468 2279 397 2362 341 2483 341"/></Shape>
          
          
          <TextLine ID="eSc_line_dff3360f" TAGREFS="LT49" BASELINE="2329 399 2441 367" HPOS="2309" VPOS="316" WIDTH="162" HEIGHT="166">
            <Shape><Polygon POINTS="2353 482 2471 480 2438 364 2424 318 2385 316 2383 316 2381 316 2378 316 2378 318 2376 318 2369 327 2348 320 2346 320 2344 320 2341 320 2339 320 2309 337 2327 397"/></Shape>
	    <String CONTENT="186" HPOS="2309" VPOS="316" WIDTH="162" HEIGHT="166"/>
          </TextLine>

          
          
          <TextLine ID="eSc_line_09b009d9" TAGREFS="LT49" BASELINE="2289 459 2619 365" HPOS="2274" VPOS="323" WIDTH="351" HEIGHT="173">
            <Shape><Polygon POINTS="2295 489 2344 496 2346 496 2348 496 2350 496 2350 493 2371 473 2399 489 2401 489 2404 489 2406 489 2457 484 2459 484 2528 463 2531 463 2531 461 2533 461 2561 422 2565 415 2625 403 2618 364 2602 323 2327 410 2274 410 2288 457"/></Shape>
	    <String CONTENT="(dde Mme la Prnicesse" HPOS="2274" VPOS="323" WIDTH="351" HEIGHT="173"/>
          </TextLine>

          
          
          <TextLine ID="eSc_line_abc4f62e" TAGREFS="LT49" BASELINE="2395 471 2549 423" HPOS="2381" VPOS="394" WIDTH="184" HEIGHT="109">
            <Shape><Polygon POINTS="2404 500 2441 491 2461 496 2496 503 2498 503 2501 503 2565 482 2547 422 2535 394 2381 431 2394 470"/></Shape>
	    <String CONTENT="(de Salm)" HPOS="2381" VPOS="394" WIDTH="184" HEIGHT="109"/>
          </TextLine>

          
        </TextBlock>
        
        <TextBlock HPOS="2319" VPOS="303" WIDTH="1821" HEIGHT="2215" ID="eSc_textblock_40f85d1f" TAGREFS="BT46">
          <Shape><Polygon POINTS="4094 1985 4113 2490 4085 2518 3900 2481 2695 2490 2514 2514 2332 2514 2319 1529 2353 738 2818 714 2973 303 3356 321 3384 516 3851 528 3828 600 4103 674 4140 1255 4085 1486 4122 1643"/></Shape>
          
          
          <TextLine ID="eSc_line_1682bdcc" TAGREFS="LT30" BASELINE="2979 440 3314 450" HPOS="2979" VPOS="350" WIDTH="335" HEIGHT="123">
            <Shape><Polygon POINTS="3297 385 3270 385 3267 383 3230 355 3210 355 3186 355 3163 355 3140 353 3120 353 3096 350 3073 350 3055 350 3027 378 2988 378 2979 387 2979 440 2979 463 3011 454 3092 463 3168 470 3170 470 3214 461 3226 459 3233 461 3260 473 3263 473 3265 473 3267 473 3311 459 3314 450 3311 397 3302 387"/></Shape>
	    <String CONTENT="Lettre" HPOS="2979" VPOS="350" WIDTH="335" HEIGHT="123"/>
          </TextLine>

          
          
          <TextLine ID="eSc_line_52f8927b" TAGREFS="LT30" BASELINE="2889 593 3775 581" HPOS="2886" VPOS="496" WIDTH="889" HEIGHT="124">
            <Shape><Polygon POINTS="3434 540 3427 540 3357 533 3302 496 3300 496 3297 496 3295 496 3189 498 3186 498 3184 498 3159 517 3094 498 3092 498 3089 498 2995 498 2979 505 2962 507 2921 547 2893 549 2886 565 2889 593 2889 604 2993 604 2997 607 3018 620 3020 620 3023 620 3025 620 3027 620 3062 607 3064 607 3069 607 3136 618 3138 618 3140 618 3143 618 3156 607 3166 602 3277 609 3401 616 3404 616 3406 616 3408 616 3415 609 3431 597 3491 611 3512 614 3514 614 3535 611 3621 595 3646 611 3648 611 3651 611 3653 614 3773 614 3775 581 3768 544 3764 535"/></Shape>
	    <String CONTENT="A Mr Prous (au chateau de Liedberg)" HPOS="2886" VPOS="496" WIDTH="889" HEIGHT="124"/>
          </TextLine>

          
          
          <TextLine ID="eSc_line_1a1769c5" TAGREFS="LT29" BASELINE="3577 720 4089 708" HPOS="3574" VPOS="660" WIDTH="515" HEIGHT="90">
            <Shape><Polygon POINTS="4059 671 4036 671 4013 669 3990 669 3967 667 3944 667 3921 667 3898 664 3875 664 3852 664 3829 662 3805 662 3782 662 3773 660 3574 660 3577 720 3577 736 3655 736 3660 736 3692 750 3695 750 3697 750 3766 738 3861 747 3863 747 3865 747 3868 747 3868 745 3879 736 3886 729 3914 736 3942 745 3944 745 3946 745 3949 745 3965 736 3983 729 4085 736 4089 708 4083 671"/></Shape>
	    <String CONTENT="Dyck, le 17 Juillet 1816." HPOS="3574" VPOS="660" WIDTH="515" HEIGHT="90"/>
          </TextLine>

          
          
          <TextLine ID="eSc_line_dad320b2" TAGREFS="LT25" BASELINE="2362 794 3126 787 4039 794" HPOS="2360" VPOS="734" WIDTH="1679" HEIGHT="71">
            <Shape><Polygon POINTS="2383 736 2362 736 2362 794 2360 803 4034 805 4039 794 4036 750 3935 734 3932 734 3872 747 3868 747 3863 747 3819 734 3817 734 3648 734 3646 734 3644 734 3641 734 3623 745 3618 747 3584 745 3484 734 3482 734 3480 734 3457 743 3452 745 3445 743 3429 736 3427 736 3424 736 3325 743 3233 747 3196 740 3159 734 3156 734 3154 734 3140 740 3122 750 2799 750 2736 736 2718 734 2715 734 2678 736 2521 747 2383 734 2383 736"/></Shape>
	    <String CONTENT="On me dit, Monsieur, que vous êtes malade dans votre lit et j'en" HPOS="2360" VPOS="734" WIDTH="1679" HEIGHT="71"/>
          </TextLine>

          
          
          <TextLine ID="eSc_line_71631d99" TAGREFS="LT25" BASELINE="2332 865 3750 854 4101 867" HPOS="2330" VPOS="798" WIDTH="1771" HEIGHT="88">
            <Shape><Polygon POINTS="2332 865 2332 872 2519 886 2521 886 2581 874 2595 872 2625 874 2755 886 2757 886 2889 874 2953 870 2962 874 2974 884 2976 884 2979 884 2981 886 3184 886 3184 884 3186 884 3212 874 3237 867 3392 877 3496 881 3498 881 3538 877 3618 865 4096 877 4101 867 4096 810 3905 812 3891 810 3835 798 3833 798 3831 798 3829 798 3810 810 3805 812 3768 810 3623 803 3621 803 3570 812 3556 814 3554 812 3540 803 3538 803 3535 803 3304 800 3302 800 3300 800 3256 812 3212 800 3210 800 3207 800 3129 812 2981 803 2979 803 2976 803 2923 817 2919 817 2905 817 2796 807 2794 807 2792 807 2759 817 2750 821 2655 821 2651 819 2632 805 2630 805 2628 805 2625 805 2568 819 2563 819 2542 805 2540 805 2538 805 2431 805 2429 805 2330 819 2332 865"/></Shape>
	    <String CONTENT="suis très peinée, je vous l'assure. Je regrette pour vous et pour moi que" HPOS="2330" VPOS="798" WIDTH="1771" HEIGHT="88"/>
          </TextLine>

          
          
          <TextLine ID="eSc_line_171f2fb6" TAGREFS="LT25" BASELINE="2334 927 3895 927 4092 939" HPOS="2334" VPOS="872" WIDTH="1758" HEIGHT="81">
            <Shape><Polygon POINTS="2334 927 2334 941 2704 939 2741 944 2778 951 2780 951 2840 946 2907 939 2932 946 2951 951 2953 951 2956 951 2979 946 3011 939 3076 946 3115 951 3117 951 3175 946 3281 939 3302 948 3309 951 3311 951 3314 951 3339 948 3406 939 3422 948 3424 951 3427 951 3429 951 3431 951 3447 948 3501 939 3658 951 3688 951 3690 951 3711 951 3838 939 3852 951 3854 951 3856 951 3859 953 4089 953 4092 939 4087 872 2334 881 2334 927"/></Shape>
	    <String CONTENT="ce triste état vous force à ne plus senir voisiner et je vous engage abso-" HPOS="2334" VPOS="872" WIDTH="1758" HEIGHT="81"/>
          </TextLine>

          
          
          <TextLine ID="eSc_line_f6624c66" TAGREFS="LT25" BASELINE="2332 1001 3962 994 4108 1006" HPOS="2330" VPOS="932" WIDTH="1778" HEIGHT="88">
            <Shape><Polygon POINTS="2332 1001 2332 1020 2411 1008 2461 1020 2464 1020 2466 1020 2468 1020 2519 1008 2577 1020 2579 1020 2581 1020 2602 1020 2935 1008 2967 1020 2969 1020 2972 1020 2974 1020 2986 1020 3089 1006 3138 1017 3140 1017 3143 1017 3242 1006 3561 1017 3584 1017 3586 1017 3595 1017 3738 1004 4103 1015 4108 1006 4106 948 3826 948 3736 932 3734 932 3732 932 3676 946 3637 932 3635 932 3632 932 3540 944 3464 934 3461 934 3459 934 3413 948 3413 951 3332 951 3332 948 3311 934 3309 934 3307 934 3304 934 3226 948 3154 934 3152 934 3069 948 3029 934 3027 934 3025 934 3023 934 2981 948 2817 937 2815 937 2812 937 2810 937 2794 951 2792 951 2785 951 2565 937 2563 937 2480 951 2457 937 2454 937 2452 937 2369 937 2367 937 2364 937 2330 948 2332 1001"/></Shape>
	    <String CONTENT="lument à vous y décider à pied ou en voiture dès que vous le pourre" HPOS="2330" VPOS="932" WIDTH="1778" HEIGHT="88"/>
          </TextLine>

          
          
          <TextLine ID="eSc_line_f14bb27e" TAGREFS="LT25" BASELINE="2334 1066 3886 1061 4110 1075" HPOS="2332" VPOS="999" WIDTH="1778" HEIGHT="88">
            <Shape><Polygon POINTS="2755 1001 2752 1001 2750 1001 2729 1015 2662 1006 2660 1006 2411 1017 2381 1001 2378 1001 2376 1001 2374 1001 2346 1013 2332 1034 2334 1066 2334 1087 2549 1075 4106 1082 4110 1075 4108 1017 3759 999 3757 999 3755 999 3718 1017 3713 1017 3611 1001 3362 1001 3360 1001 3357 1001 3295 1017 3260 1001 3258 1001 3256 1001 3096 1015 3053 1001 3050 1001 3048 1001 3046 1001 3018 1015 2997 1001 2995 1001 2993 1001 2921 1001 2919 1001 2916 1001 2865 1017 2757 1001 2755 1001"/></Shape>
	    <String CONTENT="Croyez que votre mal vient de cette suite d'affections péuibles que vous" HPOS="2332" VPOS="999" WIDTH="1778" HEIGHT="88"/>
          </TextLine>

          
          
          <TextLine ID="eSc_line_b7e455c4" TAGREFS="LT25" BASELINE="2337 1135 4089 1126" HPOS="2334" VPOS="1068" WIDTH="1755" HEIGHT="88">
            <Shape><Polygon POINTS="2337 1135 2337 1156 2531 1144 2628 1154 2630 1154 2632 1154 2639 1154 2835 1142 4087 1142 4089 1126 4083 1075 4011 1084 3981 1075 3960 1068 3958 1068 3956 1068 3953 1068 3935 1075 3914 1087 3808 1087 3796 1077 3789 1073 3787 1073 3785 1073 3782 1073 3743 1077 3713 1082 3685 1080 3618 1071 3616 1071 3614 1071 3595 1080 3581 1089 3244 1089 3237 1084 3217 1071 3214 1071 3212 1071 3210 1071 3073 1087 3046 1089 3027 1087 2935 1073 2932 1073 2930 1073 2870 1089 2865 1089 2861 1089 2773 1073 2771 1073 2768 1073 2741 1087 2671 1075 2669 1075 2593 1089 2505 1075 2503 1075 2501 1075 2466 1091 2385 1075 2383 1075 2381 1075 2334 1094 2337 1135"/></Shape>
	    <String CONTENT="avez éprouvées l'hiver dernier. Le pouvoir que l'esprit a sur le corps" HPOS="2334" VPOS="1068" WIDTH="1755" HEIGHT="88"/>
          </TextLine>

          
          
          <TextLine ID="eSc_line_4350a3bc" TAGREFS="LT25" BASELINE="2334 1198 4092 1202" HPOS="2332" VPOS="1142" WIDTH="1760" HEIGHT="81">
            <Shape><Polygon POINTS="2334 1198 2332 1207 2353 1221 2355 1221 2357 1221 2360 1221 2773 1209 2775 1209 2817 1221 2819 1221 2822 1221 2824 1221 2868 1209 2870 1209 2875 1209 2956 1221 2958 1221 3106 1211 3145 1209 3163 1211 3214 1221 3217 1221 3267 1211 3274 1211 3277 1211 3288 1223 3290 1223 3293 1223 3295 1223 3297 1223 3327 1214 3334 1211 4087 1218 4092 1202 4087 1144 3879 1158 3831 1144 3826 1144 3824 1144 3822 1144 3819 1144 3815 1144 3771 1156 3697 1147 3678 1144 3676 1144 3611 1147 3374 1158 3318 1149 3288 1144 3286 1144 3283 1144 3270 1149 3242 1158 3177 1149 3115 1142 3113 1142 3039 1151 2995 1156 2958 1151 2889 1142 2886 1142 2621 1154 2554 1156 2544 1154 2505 1142 2503 1142 2501 1142 2498 1142 2496 1142 2478 1156 2473 1158 2383 1158 2381 1156 2364 1142 2362 1142 2360 1142 2357 1142 2355 1142 2334 1151 2334 1198"/></Shape>
	    <String CONTENT="à ses bornes et il est impossible que ce dernier ne prenne pas part à ce" HPOS="2332" VPOS="1142" WIDTH="1760" HEIGHT="81"/>
          </TextLine>

          
          
          <TextLine ID="eSc_line_ed228b9f" TAGREFS="LT25" BASELINE="2339 1269 3704 1262 4129 1283" HPOS="2337" VPOS="1204" WIDTH="1792" HEIGHT="86">
            <Shape><Polygon POINTS="4124 1225 3898 1225 3865 1204 3863 1204 3861 1204 3859 1204 3713 1207 3711 1207 3708 1207 3688 1221 3669 1204 3667 1204 3665 1204 3510 1204 3508 1204 3505 1204 3503 1204 3475 1223 3387 1204 3385 1204 3383 1204 3325 1223 3302 1207 3300 1207 3297 1207 3295 1207 3205 1216 3117 1204 3115 1204 2986 1223 2926 1204 2923 1204 2921 1204 2919 1204 2916 1204 2884 1225 2609 1225 2496 1207 2494 1207 2491 1207 2489 1207 2468 1223 2337 1225 2339 1269 2339 1288 2408 1276 2508 1288 2510 1288 2618 1276 2678 1288 2681 1290 2907 1290 2907 1288 2909 1288 2949 1276 3108 1288 3110 1288 3203 1276 4124 1288 4129 1283 4126 1281 4124 1225"/></Shape>
	    <String CONTENT="qui attaque sans cesse l'autre. Cette séance de Liedberg et de Dyck pendant" HPOS="2337" VPOS="1204" WIDTH="1792" HEIGHT="86"/>
          </TextLine>

          
          
          <TextLine ID="eSc_line_0eacbe9d" TAGREFS="LT25" BASELINE="2332 1338 3946 1334 4087 1343" HPOS="2330" VPOS="1274" WIDTH="1757" HEIGHT="87">
            <Shape><Polygon POINTS="3905 1274 3902 1274 3840 1288 3838 1290 3517 1290 3514 1288 3480 1274 3477 1274 3330 1274 3327 1274 3325 1274 3323 1274 3323 1276 3309 1288 3304 1290 3290 1288 3240 1276 3237 1276 3122 1285 3071 1292 2995 1292 2988 1285 2976 1276 2974 1276 2972 1276 2969 1276 2967 1276 2942 1285 2930 1292 2829 1292 2817 1285 2799 1276 2796 1276 2794 1276 2792 1276 2789 1276 2778 1285 2771 1290 2745 1285 2697 1276 2695 1276 2330 1283 2332 1338 2332 1361 2607 1348 2743 1359 2745 1359 3265 1348 3283 1359 3286 1359 3288 1359 3290 1359 3293 1359 3413 1345 3498 1357 3501 1357 3667 1345 4083 1357 4087 1343 4085 1290 3942 1290 3942 1288 3907 1274 3905 1274"/></Shape>
	    <String CONTENT="des mois d'hiver, cette épouvantable solitude, cette suison déplorable" HPOS="2330" VPOS="1274" WIDTH="1757" HEIGHT="87"/>
          </TextLine>

          
          
          <TextLine ID="eSc_line_bbe9b93a" TAGREFS="LT25" BASELINE="2332 1408 4059 1394" HPOS="2330" VPOS="1343" WIDTH="1729" HEIGHT="76">
            <Shape><Polygon POINTS="2332 1408 2332 1419 4057 1410 4059 1394 4055 1354 3983 1343 3981 1343 3743 1354 3692 1343 3690 1343 3688 1343 3563 1354 3544 1343 3542 1343 3540 1343 3538 1343 3535 1343 3477 1357 3233 1348 3230 1348 3228 1348 3180 1359 3140 1348 3138 1348 3136 1348 3133 1348 3131 1348 3115 1359 2898 1350 2896 1350 2893 1350 2852 1361 2808 1350 2805 1350 2803 1350 2801 1350 2757 1361 2630 1350 2628 1350 2625 1350 2623 1350 2609 1364 2586 1352 2584 1352 2355 1352 2353 1352 2350 1352 2348 1352 2330 1361 2332 1408"/></Shape>
	    <String CONTENT="tout cela est trop fort pour nos pauvres machines La mnienne toute" HPOS="2330" VPOS="1343" WIDTH="1729" HEIGHT="76"/>
          </TextLine>

          
          
          <TextLine ID="eSc_line_2efc9c3e" TAGREFS="LT25" BASELINE="2337 1472 4076 1456" HPOS="2334" VPOS="1408" WIDTH="1742" HEIGHT="83">
            <Shape><Polygon POINTS="2337 1472 2337 1491 4076 1470 4076 1456 4069 1408 2334 1431 2337 1472"/></Shape>
	    <String CONTENT="aigoureuse en a cruellement souffert et en souffre encore. La votre" HPOS="2334" VPOS="1408" WIDTH="1742" HEIGHT="83"/>
          </TextLine>

          
          
          <TextLine ID="eSc_line_a3b55b9f" TAGREFS="LT25" BASELINE="2323 1539 3053 1523 4050 1530" HPOS="2320" VPOS="1465" WIDTH="1730" HEIGHT="88">
            <Shape><Polygon POINTS="3043 1468 3041 1468 3039 1468 2993 1479 2944 1470 2942 1470 2939 1470 2896 1488 2893 1491 2658 1491 2658 1488 2625 1475 2623 1475 2621 1475 2618 1475 2591 1488 2554 1472 2551 1472 2535 1472 2494 1488 2494 1491 2320 1491 2323 1539 2323 1553 3050 1535 3156 1548 3159 1548 3233 1535 3408 1535 3424 1548 3427 1548 3429 1548 3431 1548 3434 1548 3466 1535 3484 1548 3487 1548 3489 1548 3491 1548 3501 1548 3990 1535 4046 1546 4050 1530 4048 1484 4011 1468 4009 1468 4006 1468 4004 1468 4002 1468 3983 1481 3965 1468 3962 1468 3960 1468 3861 1465 3859 1465 3856 1465 3854 1465 3824 1484 3752 1472 3750 1472 3748 1472 3695 1486 3692 1486 3630 1468 3628 1468 3625 1468 3498 1479 3452 1468 3450 1468 3447 1468 3360 1486 3228 1468 3226 1468 3223 1468 3182 1486 3156 1468 3154 1468 3152 1468 3059 1468 3043 1468"/></Shape>
	    <String CONTENT="moins forte ne pouvait s'en bien tirer. Venez donc vous distraire," HPOS="2320" VPOS="1465" WIDTH="1730" HEIGHT="88"/>
          </TextLine>

          
          
          <TextLine ID="eSc_line_9d4ade49" TAGREFS="LT25" BASELINE="2337 1599 4046 1599" HPOS="2337" VPOS="1541" WIDTH="1709" HEIGHT="79">
            <Shape><Polygon POINTS="2337 1611 4041 1620 4046 1599 4041 1546 3383 1553 3323 1544 3307 1541 3304 1541 3302 1541 3293 1544 3253 1553 3147 1544 3124 1541 3122 1541 3120 1541 3113 1544 3069 1553 3023 1541 3013 1541 3011 1541 2990 1541 2879 1553 2785 1541 2773 1541 2771 1541 2768 1541 2766 1541 2752 1555 2475 1555 2408 1541 2404 1541 2401 1541 2399 1541 2371 1553 2339 1541 2337 1599 2337 1611"/></Shape>
	    <String CONTENT="s'il vous est possible ; c'est votre meilleur remide. Il y a ici un aie" HPOS="2337" VPOS="1541" WIDTH="1709" HEIGHT="79"/>
          </TextLine>

          
          
          <TextLine ID="eSc_line_ac8f292f" TAGREFS="LT25" BASELINE="2339 1668 3568 1659 4106 1671" HPOS="2337" VPOS="1601" WIDTH="1769" HEIGHT="91">
            <Shape><Polygon POINTS="3999 1601 3976 1601 3953 1601 3951 1601 3949 1601 3907 1615 3898 1618 3886 1615 3840 1606 3838 1606 3835 1606 3798 1615 3787 1618 3785 1615 3771 1604 3768 1604 3766 1604 3764 1604 3762 1604 3720 1615 3713 1618 3494 1618 3487 1613 3461 1604 3459 1604 3457 1604 3454 1604 3434 1613 3422 1620 3270 1620 3219 1613 3147 1604 3145 1604 3089 1611 3029 1622 2907 1622 2879 1611 2865 1606 2863 1606 2861 1606 2859 1606 2847 1611 2817 1622 2683 1622 2646 1608 2635 1606 2632 1606 2630 1606 2628 1606 2625 1606 2621 1608 2602 1620 2498 1608 2491 1608 2489 1608 2484 1608 2413 1620 2337 1608 2339 1668 2339 1692 2556 1680 2591 1689 2593 1689 2595 1689 2598 1689 2600 1689 2618 1675 2702 1675 2727 1689 2729 1689 2732 1689 2734 1689 2909 1678 2949 1689 2951 1689 2953 1689 3168 1673 3277 1687 3279 1687 3281 1687 3330 1673 3394 1687 3397 1687 3399 1687 3429 1673 3683 1673 3699 1687 3701 1687 3704 1687 3706 1689 3863 1689 3863 1687 3865 1687 3868 1687 3886 1675 3942 1687 3951 1687 3953 1687 3956 1687 3958 1687 3997 1673 4101 1685 4106 1671 4103 1615 4050 1601 4048 1601 4023 1601 3999 1601"/></Shape>
	    <String CONTENT="du pays qui vous fera grand bien ; enfn je vous en presse extrême-" HPOS="2337" VPOS="1601" WIDTH="1769" HEIGHT="91"/>
          </TextLine>

          
          
          <TextLine ID="eSc_line_90ef78c9" TAGREFS="LT25" BASELINE="2332 1740 4073 1733" HPOS="2330" VPOS="1673" WIDTH="1743" HEIGHT="76">
            <Shape><Polygon POINTS="2332 1740 2332 1747 4071 1749 4073 1733 4066 1673 4002 1687 3750 1675 3655 1673 3653 1673 3621 1678 3568 1687 3544 1680 3526 1673 3524 1673 3521 1673 3519 1673 3517 1673 3508 1680 3494 1687 3376 1682 3253 1675 3251 1675 3249 1675 3247 1675 3240 1682 3230 1689 3129 1689 3122 1685 3110 1675 3108 1675 3106 1675 3103 1675 3101 1675 3071 1685 3064 1687 3059 1685 3027 1675 3025 1675 3023 1675 2930 1687 2907 1689 2898 1687 2865 1678 2863 1678 2861 1678 2859 1678 2817 1689 2803 1694 2598 1694 2595 1692 2549 1678 2547 1678 2544 1678 2542 1678 2501 1694 2330 1694 2332 1740"/></Shape>
	    <String CONTENT="ment. J'ai en moi même un des plus forts accès de mélancolie possible" HPOS="2330" VPOS="1673" WIDTH="1743" HEIGHT="76"/>
          </TextLine>

          
          
          <TextLine ID="eSc_line_c4ed88f0" TAGREFS="LT25" BASELINE="2341 1802 3621 1791 4066 1800" HPOS="2339" VPOS="1735" WIDTH="1727" HEIGHT="88">
            <Shape><Polygon POINTS="3995 1735 3992 1735 3990 1735 3988 1735 3923 1754 3919 1754 3909 1754 3808 1742 3805 1742 3803 1742 3771 1754 3736 1738 3734 1738 3732 1738 3729 1738 3695 1754 3570 1752 3535 1738 3533 1738 3531 1738 3420 1740 3417 1740 3380 1756 3175 1740 3173 1740 3170 1740 3133 1758 3103 1742 3101 1742 3099 1742 2951 1758 2838 1742 2835 1742 2833 1742 2831 1742 2810 1758 2715 1749 2713 1749 2593 1761 2579 1749 2577 1749 2574 1749 2572 1749 2441 1761 2397 1745 2394 1745 2392 1745 2390 1745 2339 1763 2341 1802 2341 1816 2734 1823 2736 1823 2794 1816 2863 1809 2969 1816 3039 1821 3041 1821 3099 1816 3210 1807 3325 1816 3367 1818 3369 1818 3406 1816 3535 1805 4062 1814 4066 1800 4064 1754 4018 1754 3997 1735 3995 1735"/></Shape>
	    <String CONTENT="il ya quelque temps. Le Comte de Hompesch est venu comme un dieu" HPOS="2339" VPOS="1735" WIDTH="1727" HEIGHT="88"/>
          </TextLine>

          
          
          <TextLine ID="eSc_line_265598ec" TAGREFS="LT25" BASELINE="2346 1876 3450 1860 4110 1865" HPOS="2344" VPOS="1809" WIDTH="1766" HEIGHT="86">
            <Shape><Polygon POINTS="4099 1844 4094 1809 2344 1823 2346 1876 2346 1895 2404 1883 2641 1892 2655 1892 2658 1892 2660 1892 2695 1881 2826 1892 2852 1892 2854 1892 2856 1892 2861 1890 2891 1878 3036 1890 3057 1890 3059 1890 3083 1890 3228 1876 3290 1888 3300 1888 3302 1888 3311 1888 3383 1874 3498 1885 3510 1885 3512 1885 3524 1885 3635 1872 3706 1883 3711 1883 3713 1883 3718 1883 3775 1872 3856 1881 3872 1883 3875 1883 3877 1883 3879 1883 3879 1881 3898 1869 4106 1878 4110 1865 4106 1809 4103 1809 4099 1844"/></Shape>
	    <String CONTENT="pour m'en guérir. Von aimable gaité ne m'a jamais fait plus grand" HPOS="2344" VPOS="1809" WIDTH="1766" HEIGHT="86"/>
          </TextLine>

          
          
          <TextLine ID="eSc_line_6c946956" TAGREFS="LT25" BASELINE="2341 1943 3126 1929 4064 1929" HPOS="2339" VPOS="1872" WIDTH="1725" HEIGHT="76">
            <Shape><Polygon POINTS="2341 1943 2341 1948 4062 1941 4064 1929 4062 1888 3660 1872 3658 1872 3563 1890 3554 1890 3524 1890 3309 1881 3307 1881 3304 1881 3283 1890 3281 1892 3279 1890 3251 1876 3249 1876 3247 1876 3152 1888 3096 1876 3094 1876 3092 1876 3048 1892 3046 1892 3004 1881 3002 1881 2999 1881 2905 1890 2886 1878 2884 1878 2882 1878 2879 1878 2877 1878 2875 1878 2852 1895 2847 1897 2678 1897 2676 1895 2662 1883 2660 1883 2658 1883 2655 1883 2653 1883 2618 1895 2609 1897 2598 1895 2533 1881 2531 1881 2528 1881 2471 1895 2461 1897 2452 1897 2378 1881 2376 1881 2374 1881 2339 1892 2341 1943"/></Shape>
	    <String CONTENT="bien. Ce vilain mal me venait d'un nouveau retard de 8 jours" HPOS="2339" VPOS="1872" WIDTH="1725" HEIGHT="76"/>
          </TextLine>

          
          
          <TextLine ID="eSc_line_a2a94f42" TAGREFS="LT25" BASELINE="2341 2012 3318 1996 4073 2003" HPOS="2339" VPOS="1945" WIDTH="1734" HEIGHT="84">
            <Shape><Polygon POINTS="2341 2012 2341 2029 3023 2012 4069 2015 4073 2003 4069 1948 3570 1957 3556 1952 3540 1945 3538 1945 3341 1945 3339 1945 3265 1955 3230 1959 3205 1955 3152 1948 3150 1948 3092 1957 3076 1959 3069 1957 3043 1948 3041 1948 3039 1948 2974 1959 2949 1962 2884 1959 2688 1950 2685 1950 2683 1950 2660 1962 2653 1966 2339 1966 2341 2012"/></Shape>
	    <String CONTENT="que mon matri a mis à son retour. Ces queues sont épouvantables" HPOS="2339" VPOS="1945" WIDTH="1734" HEIGHT="84"/>
          </TextLine>

          
          
          <TextLine ID="eSc_line_79d3b6cf" TAGREFS="LT25" BASELINE="2346 2077 3401 2059 4064 2065" HPOS="2344" VPOS="2003" WIDTH="1720" HEIGHT="81">
            <Shape><Polygon POINTS="3953 2003 3879 2017 3877 2017 3812 2003 3810 2003 3586 2019 3464 2008 3461 2008 3394 2022 3346 2008 3344 2008 3341 2008 3168 2024 3099 2010 3096 2010 3094 2010 3055 2026 3050 2026 2921 2012 2919 2012 2916 2012 2884 2026 2854 2012 2852 2012 2849 2012 2847 2012 2799 2029 2648 2015 2646 2015 2644 2015 2641 2015 2625 2031 2466 2031 2447 2017 2445 2017 2443 2017 2441 2017 2438 2017 2436 2017 2417 2033 2344 2033 2346 2077 2346 2084 4062 2077 4064 2065 4062 2017 3956 2003 3953 2003"/></Shape>
	    <String CONTENT="à écorcher. J'avais réunis mes forces pour me faire encore de la patience" HPOS="2344" VPOS="2003" WIDTH="1720" HEIGHT="81"/>
          </TextLine>

          
          
          <TextLine ID="eSc_line_8085bc56" TAGREFS="LT25" BASELINE="2339 2151 3117 2132 4096 2135" HPOS="2337" VPOS="2072" WIDTH="1759" HEIGHT="95">
            <Shape><Polygon POINTS="2339 2151 2339 2167 2805 2153 2877 2162 2900 2165 2902 2165 2905 2165 2912 2162 2951 2146 3219 2155 3221 2155 3279 2144 3318 2158 3325 2160 3327 2160 3330 2160 3367 2158 3531 2142 3593 2153 3595 2153 3598 2153 3639 2142 3729 2153 3750 2155 3752 2155 3755 2155 3762 2153 3792 2142 3856 2153 3882 2155 3884 2155 4096 2149 4096 2135 4094 2091 4092 2091 3849 2091 3810 2077 3808 2077 3805 2077 3729 2091 3628 2077 3625 2077 3623 2077 3579 2089 3531 2072 3528 2072 3526 2072 3524 2072 3521 2072 3501 2086 3390 2075 3387 2075 3385 2075 3341 2093 3290 2077 3288 2077 3286 2077 3283 2077 3249 2093 3152 2077 3150 2077 3059 2095 3023 2077 3020 2077 2932 2077 2930 2077 2653 2100 2632 2100 2614 2100 2408 2082 2406 2082 2404 2082 2337 2100 2339 2151"/></Shape>
	    <String CONTENT="nour 8 jours, et quand j'ai vu qu'il m'en fallait encore quinze, je me" HPOS="2337" VPOS="2072" WIDTH="1759" HEIGHT="95"/>
          </TextLine>

          
          
          <TextLine ID="eSc_line_36b75025" TAGREFS="LT25" BASELINE="2332 2218 3200 2197 4087 2192" HPOS="2330" VPOS="2135" WIDTH="1757" HEIGHT="97">
            <Shape><Polygon POINTS="3965 2135 3962 2135 3914 2144 3877 2151 3863 2144 3849 2137 3847 2137 3845 2137 3720 2146 3641 2153 3632 2149 3611 2137 3609 2137 3607 2137 3521 2151 3489 2155 3480 2151 3452 2139 3450 2139 3447 2139 3445 2139 3443 2139 3427 2153 3420 2158 3387 2153 3302 2142 3300 2142 3297 2142 3265 2155 3258 2158 3235 2155 3126 2144 3124 2144 3009 2149 3006 2149 2976 2160 2965 2165 2944 2162 2872 2149 2870 2149 2868 2149 2865 2149 2845 2162 2845 2165 2641 2169 2614 2167 2487 2155 2484 2155 2330 2172 2332 2218 2332 2232 2681 2232 2681 2229 2713 2227 2812 2216 2926 2225 2969 2227 2972 2227 3027 2222 3180 2211 3244 2220 3260 2222 3263 2222 3265 2222 3267 2222 3270 2220 3281 2211 3327 2220 3334 2220 3337 2220 3348 2220 3473 2206 3505 2218 3508 2218 3510 2218 3521 2218 3711 2204 3727 2216 3729 2216 3732 2216 3734 2216 3738 2216 3792 2204 4085 2211 4087 2192 4080 2142 3995 2149 3983 2142 3967 2135 3965 2135"/></Shape>
	    <String CONTENT="suis trouvée comme un faible enfant sans force et sans raisoi" HPOS="2330" VPOS="2135" WIDTH="1757" HEIGHT="97"/>
          </TextLine>

          
          
          <TextLine ID="eSc_line_ec2b9c81" TAGREFS="LT25" BASELINE="2341 2282 3080 2266 3540 2271" HPOS="2339" VPOS="2209" WIDTH="1201" HEIGHT="97">
            <Shape><Polygon POINTS="2341 2282 2341 2299 2667 2306 2669 2306 2671 2306 2688 2299 2713 2287 2824 2287 2845 2299 2856 2303 2859 2303 2861 2303 2863 2303 2865 2303 2870 2299 2889 2285 2981 2285 2995 2296 2997 2299 2997 2301 2999 2301 3002 2301 3004 2303 3048 2303 3048 2301 3069 2296 3133 2282 3226 2296 3233 2296 3235 2296 3540 2294 3540 2271 3535 2213 3103 2225 3078 2216 3062 2209 3059 2209 3057 2209 3055 2209 3053 2209 3053 2211 3048 2216 3039 2225 3027 2216 3027 2213 3025 2213 3023 2213 2882 2211 2879 2211 2826 2216 2690 2232 2558 2218 2528 2216 2526 2216 2524 2216 2517 2218 2487 2234 2457 2218 2454 2218 2452 2218 2450 2218 2339 2218 2341 2282"/></Shape>
	    <String CONTENT="Voila l'homme et aussi la femume a fortiori" HPOS="2339" VPOS="2209" WIDTH="1201" HEIGHT="97"/>
          </TextLine>

          
          
          <TextLine ID="eSc_line_e5b1f6ad" TAGREFS="LT25" BASELINE="2394 2340 4083 2331" HPOS="2392" VPOS="2276" WIDTH="1691" HEIGHT="87">
            <Shape><Polygon POINTS="2394 2340 2394 2363 2660 2347 2697 2359 2699 2359 2702 2359 2785 2347 2808 2361 2810 2361 2812 2361 2815 2361 2817 2361 2879 2345 2946 2356 2949 2356 3106 2345 3150 2359 3152 2359 3154 2359 3159 2359 3293 2342 3344 2356 3346 2356 3348 2356 3461 2342 3611 2356 3625 2356 3628 2356 3635 2356 3715 2340 3785 2354 3787 2354 3789 2354 3792 2354 3842 2342 4078 2352 4083 2331 4080 2292 4020 2276 4018 2276 4016 2276 3916 2289 3914 2289 3912 2289 3768 2278 3766 2278 3764 2278 3741 2289 3738 2292 3568 2292 3526 2289 3415 2278 3413 2278 3411 2278 3378 2287 3364 2292 3353 2287 3327 2278 3325 2278 3323 2278 3320 2278 3302 2287 3293 2292 3279 2287 3249 2278 3247 2278 3244 2278 3152 2280 3150 2280 3147 2280 3138 2287 3126 2294 2990 2287 2879 2280 2877 2280 2852 2285 2808 2296 2780 2285 2773 2282 2771 2282 2768 2282 2750 2285 2692 2296 2392 2285 2394 2340"/></Shape>
	    <String CONTENT="Je pensais bien que le cher Mayor ne pourrait pas venir, et je ve" HPOS="2392" VPOS="2276" WIDTH="1691" HEIGHT="87"/>
          </TextLine>

          
          
          <TextLine ID="eSc_line_394d04b7" TAGREFS="LT25" BASELINE="2339 2407 4066 2398" HPOS="2337" VPOS="2342" WIDTH="1729" HEIGHT="88">
            <Shape><Polygon POINTS="2339 2407 2339 2419 2644 2430 2646 2430 2648 2430 2651 2430 2665 2419 2667 2416 2796 2416 2863 2419 3034 2428 3036 2428 4064 2416 4066 2398 4062 2359 3861 2359 3861 2356 3824 2345 3822 2345 3819 2345 3745 2356 3727 2345 3725 2345 3722 2345 3720 2345 3662 2356 3644 2342 3641 2342 3639 2342 3570 2342 3568 2342 3565 2342 3563 2342 3542 2356 3540 2359 3538 2356 3512 2345 3510 2345 3508 2345 3505 2345 3475 2356 3468 2361 3256 2361 3240 2356 3180 2345 3062 2345 3059 2345 3057 2345 3036 2356 3027 2361 3013 2356 2979 2345 2976 2345 2840 2345 2838 2345 2835 2345 2833 2345 2817 2356 2815 2356 2778 2345 2775 2345 2773 2345 2771 2345 2732 2356 2704 2366 2591 2366 2577 2356 2565 2347 2563 2347 2561 2347 2427 2347 2424 2347 2422 2347 2420 2347 2411 2356 2399 2363 2337 2356 2339 2407"/></Shape>
	    <String CONTENT="m'attendais pas à le voir. Ces départs sout terribles Je suis comme" HPOS="2337" VPOS="2342" WIDTH="1729" HEIGHT="88"/>
          </TextLine>

          
          
          <TextLine ID="eSc_line_94d7741f" TAGREFS="LT25" BASELINE="2337 2476 4094 2458" HPOS="2334" VPOS="2402" WIDTH="1760" HEIGHT="102">
            <Shape><Polygon POINTS="2337 2476 2339 2504 2397 2488 2524 2502 2526 2502 2528 2502 2531 2502 2533 2502 2549 2490 2635 2499 2637 2499 2778 2483 2886 2495 2889 2495 2962 2483 3036 2495 3039 2495 3041 2495 3073 2481 3166 2481 3189 2495 3191 2495 3193 2495 3196 2495 3198 2495 3205 2493 3244 2483 3304 2493 3314 2493 3316 2493 3318 2493 3320 2493 3339 2479 3406 2490 3420 2493 3422 2493 3441 2490 3528 2476 4089 2481 4094 2458 4087 2414 3893 2414 3877 2402 3875 2402 3872 2402 3870 2402 3868 2402 3865 2402 3865 2405 3854 2416 3852 2416 3838 2416 3725 2405 3722 2405 3660 2416 3648 2419 3604 2419 3360 2409 3357 2409 3230 2421 3207 2423 3189 2423 3078 2412 3076 2412 3073 2412 3071 2412 3053 2423 2993 2412 2990 2412 2921 2426 2916 2426 2912 2426 2875 2414 2872 2414 2870 2414 2782 2428 2768 2428 2748 2428 2616 2416 2614 2416 2554 2430 2544 2430 2526 2430 2401 2419 2399 2419 2334 2430 2337 2476"/></Shape>
	    <String CONTENT="on dit grosse de vous voir ; il me semble que j'ai mille jaseries fran-" HPOS="2334" VPOS="2402" WIDTH="1760" HEIGHT="102"/>
          </TextLine>

          
          
          <TextLine ID="eSc_line_d34f98bc" TAGREFS="LT25" BASELINE="3988 2495 4083 2495" HPOS="3988" VPOS="2460" WIDTH="95" HEIGHT="53">
            <Shape><Polygon POINTS="4080 2460 4057 2460 4034 2460 4032 2460 4009 2460 3988 2493 3988 2495 3988 2509 4080 2513 4083 2495 4080 2460 4080 2460"/></Shape>
	    <String CONTENT="Caise." HPOS="3988" VPOS="2460" WIDTH="95" HEIGHT="53"/>
          </TextLine>

          
        </TextBlock>
        
        <TextBlock HPOS="2333" VPOS="2569" WIDTH="267" HEIGHT="78" ID="eSc_textblock_e4a0a20f" TAGREFS="BT59">
          <Shape><Polygon POINTS="2581 2576 2600 2619 2572 2647 2334 2629 2333 2569 2553 2569"/></Shape>
          
          
          <TextLine ID="eSc_line_7de8912a" TAGREFS="LT25" BASELINE="2339 2617 2577 2624" HPOS="2337" VPOS="2569" WIDTH="240" HEIGHT="85">
            <Shape><Polygon POINTS="2570 2573 2568 2571 2339 2569 2339 2617 2337 2643 2572 2654 2577 2624 2577 2576 2570 2573"/></Shape>
	    <String CONTENT="(Corresp. p.)" HPOS="2337" VPOS="2569" WIDTH="240" HEIGHT="85"/>
          </TextLine>

          
        </TextBlock>
        
        <TextBlock HPOS="4096" VPOS="2585" WIDTH="118" HEIGHT="108" ID="eSc_textblock_409db04c" TAGREFS="BT58">
          <Shape><Polygon POINTS="4106 2693 4096 2585 4214 2594 4177 2684"/></Shape>
          
          
          <TextLine ID="eSc_line_a5d08ea5" TAGREFS="LT25" BASELINE="4125 2662 4186 2662" HPOS="4124" VPOS="2626" WIDTH="60" HEIGHT="88">
            <Shape><Polygon POINTS="4177 2626 4124 2626 4124 2661 4124 2714 4184 2705 4184 2661 4184 2652 4177 2626"/></Shape>
	    <String CONTENT="" HPOS="4124" VPOS="2626" WIDTH="60" HEIGHT="88"/>
          </TextLine>

          
        </TextBlock>
        

        
      </PrintSpace>
    </Page>
  </Layout>
</alto>
