4492 2771
309 378 1741 102 meilleur ton, homme de société et spirituelle. Un beau major de

309 457 1753 90 25 ans qui ressemble à l'Apollon et un médecin en chef fort ins-

295 517 1785 101 truit et qui guérit à droite et à gauche autour de nous. Voila où nous

297 584 1770 87 en sommes, nous nous en trouvons très bien et nos soirées passent

311 646 1744 97 rapidement. Le Lotho a été oublié hier pour les vers e la musique

321 720 1688 99 Dieu merci. ‒ A propos, de musique, je heure puisque vous le

304 789 1825 104 demandez si ardemment vous envoyer ces certains vers sur la guerre

311 856 1716 104 dont je vous ai parlé. Les voici ; montez, je vous prie, votre tête à

295 919 1009 99 notre situation de l'au passé et lisez.

1011 1043 333 106 Couplets

602 1126 1259 84 sur la Guerre, faits à Dyck dans l'hiver de 1814 à 1812.

600 1198 1279 104 (lorsque tout le pays était occupe par Des Troupes prussiennes)

584 1369 1120 106 Fatals combats épouvantables guerres.

593 1450 1083 94 Triste signal de carnage et de mort

598 1519 1124 90 Vous répandez vos fureurs meurtrières

588 1574 1160 111 Sur l'innocent sur le faible et le fort

598 1653 1014 95 Villes, Chateaux, retraite solitaire

593 1720 1185 97 Tout est par vous ravagé nuit et jour,

591 1782 1175 88 Et pour combler les malheurs de la terre

586 1845 1116 101 Vous faites fuir, vous désolez l'amour.

570 1981 1240 106 Quand tout à coup, la trompette éclatante

568 2057 1244 106 Du jeune amant vient troubler le bonheur

570 2129 1187 94 du coup mortel qu'en reçoit une amante

575 2202 1113 84 Elle ose à peine exprimer la douleur

575 2256 1161 99 Près des tourments d'une famille entière

568 2320 1173 106 Qui croit qu'un fils s'éloigne sans retour

570 2383 1125 115 Près de l'effroi d'une soeur d'une mère

568 2454 1078 127 Est-il permis de songer à l'amour.

2586 387 1072 88 Est-il parti.... Que de tristes journées

2586 452 1067 92 De longues nuits de songes accablants

2588 524 1079 92 Jeunes beautés pauvres ou fortunées

2586 588 1229 95 Des mêmes traits vous sentez les tourments

2588 655 1148 81 Au moindre mot de guerre de nouvelles.

2598 715 1154 107 Mille frayeurs vous glacent tour à tour

2605 794 1136 92 Et vous croyez d'une atteinte mortelle

2595 861 1127 90 Voir expirer l'objet de votre amour.

2591 992 1115 88 Il peut pourtant favori de Bellonne

2586 1062 1058 78 Chargé d'honneurs près de vous revenir

2598 1131 1173 83 Mais un triouphe, un prix, une couronne

2598 1198 873 83 Efaceut ils un cruel souvenir

2593 1263 1129 87 gloire, grandeur, amour de la patrie,

2593 1330 1215 83 En vain aux geux vous brillez touvatour

2595 1394 1132 90 Il est en nous une voix qui nous crie,

2598 1457 1171 92 Que tout cela n'est rien près de l'amour.

2598 1593 1217 95 Rois, souverains qui gouvernez la terre

2593 1657 1273 93 Dout le devoir est de nous rendre heureux

2591 1731 1067 84 Dans vos palais l'image de la guerre

2891 1791 176 56 dstrat

2591 1791 1159 90 Devrait ple tant épouvanter vos yeux

2593 1849 1056 99 Vous y verriez la flamme dévorante

2593 1914 1183 106 L'éffvoi, la mort, le malheur sans retour

2602 1988 1192 87 Et dans vos loeurs l'humanité soufssante

2609 2064 1076 95 Ne laisserait quen paternel amour.

2602 2200 1446 93 Quand pourrous nous, sans haine, sans vengeance

2598 2272 1277 90 Sans voir partout la douleur et la mort.

2607 2336 1088 88 Gouter enfin la paix de l'existence

2602 2399 1180 90 Seul bien réel que nous donna le sort
