4657 2713
2467 890 113 113 1818

2449 883 280 181 (de Mme la Princesse

2483 895 199 165 de Salm)

3207 895 334 124 Lettre

2999 1042 642 117 A Mr Raboteau

3747 1200 530 84 Dyck, ce 15 Décembre, 1818.

2539 1270 1695 91 Je pars, Monsieur et ami ; mon mari me rejoindra dans 15

2472 1333 1798 102 jours. Le triste évènement que vous savez ne me permet pas d'attendre

2472 1401 1775 97 d'avantage quoique je souffre extrèmement d'un rhumatisme qui me

2469 1462 1780 91 tient le dos et la tête. C'est l'âge qui nous mène où ce pauvre Mr. de

2481 1535 1750 92 Francq est déjà ; mais il est à plaindre de n'avoir pas achevé sa

2476 1596 1789 97 Carrière et de laisser une famille. de desiié se se et ets dbes ger

2503 1657 1726 106 aunte mnese ) d t se vrnret le sller iés à t aun lablier se se ben

2512 1722 1717 111 aue mmm g de ett sable il de s ate la s Dilesllée pe se le) ta vrs ett ll.

2510 1781 1715 124 (ied leurlgrr te ett il n le la ntadune laitre ett de je etts ettp res'ettls

2519 1862 1690 109 o obler ne et dépar demplae mflilas de s g é sli des

2521 1930 1694 111 à stade Pamrelagibiee le mp le s il l'ap tate ce gtere et le le

2519 2009 1712 93 de me lue made de ste vo te te dlen se s dpdresse ett puresg ett gue dire

2533 2066 1707 106 de et le ses sere gdinre la lalma le de dn srs s vorele se direna dire à de

2528 2131 1687 118 rimior tritanée cette ate me s7 s l eprs tres bans ce lag tires

2528 2211 577 92 (e prise de daede de sa.

2564 2281 1706 79 Croiriez vous que je suis assez enfant pour me laisser aller aux

2478 2342 1717 108 plus tristes pressentimens sur ma séparation d'avec mon mari.
