4556 2741
354 219 146 169 181

324 228 313 190 (de Mme la Phincesse

424 299 179 116 de Salm)

1087 315 382 141 Lettre

1012 493 934 123 A Mr Prons (au château de Liedberg)

1629 660 539 96 Dyck, le 15 Septembre 1816.

452 721 1656 121 Il fait si beau, Monsieur, que je pense que Mme Kopp, vous

367 790 1728 114 Louise et le grand fils pourriez venir à pied ou en voiture passer

367 854 1773 128 la journée avec nous : c'est dit ou la Kermesse, nous irons promener

367 927 1714 116 de ce côté ; nous entendrons les violons, et c'est toujours quelque

361 995 728 80 chose que de voir la joie.

447 1091 1575 121 Je conterai mes commissions à Louise ; il me faut mille

347 1158 667 84 petites choses de Creveld.

456 1244 1627 131 Venez donc tous. J'embrasse les dames et salue les messieurs.

1384 1393 523 119 (Signé) C. de S.

2364 292 108 112 1816

2351 292 278 180 (de Mme la Princesse

2440 344 162 108 de Salm)

3027 322 336 109 Lettre

2856 465 1016 115 A Mr Prons (au château de Liedberg)

3559 614 553 87 Dyck, le 18 Septembre, 1816.

2431 692 1690 80 Seriez vous assez bon, Monsieur, pour remettre à la chère Louise le

2373 765 1739 80 morceau de gros de Naples jaune ci-joint, et lui dire que je désirerais en

2378 845 1714 73 avoir une aune (de Brabant) de pareil ? Mais il faut qu'il soit bien

2371 906 1744 76 semblable ; car il ne s'agit de rien moins que de ressortir des manche, et

2376 973 1510 89 ou ne badine pas avec cela ; s'il n'y en a pas, je m'en passerai.

2467 1039 1622 80 Je vais enfin, je crois, faire le fameux voyage de Cologne, et

2362 1105 1732 82 à tout hasard, vous seriez bien aimables de venir tous demain ou

2371 1180 1755 71 après demain. Il n'est question ici que de Kermesse et en allant pro-

2362 1244 1764 83 mener du coté des lieux habités nous verrions encore une queue

2371 1306 1750 608 du beau monde. A demain donc, s'il vous est possible ; car s'il fait

2364 1379 549 82 beau, je pars jeudi.

2449 1434 1647 82 Voilà la puissance tout a fait à la raison dans notre cher pays

2364 1505 1741 87 et nous aurons de la tranquillité, Dieu merci. Je l'aime dans le monde,

2383 1573 1716 85 afin surtout que ma vie puisse s'y agiter librement. Vous avez

2367 1642 1745 82 eu bien tort de vous en aller le jour de notre monde. Nous avons

2369 1703 1734 92 passé de jolis moments le soir. J'ai été heureuse comme une vraie

2360 1767 1755 94 enfant. Dieu me conserve cette jeunesse d'esprt à défaut de l'autre.

2371 1838 1753 89 C'est la source de tout ce qu'il y 'a de bon et de consolant dans le monde.

4039 1772 87 148 vie

2451 1916 1654 80 J'ai écrit des volumes ce matin ; vous en êtes la dernière feuille

2371 1980 1734 91 Vous savez le cris des Marchandes de Paris aux derniers les bons.

2387 2051 1755 77 Cependant je ne veux vous rien dire d'agréable aujourd'hui ; car il

2376 2115 1695 91 me semble que vous m'avez trouvée maussade la dernière fois.

2812 2233 740 105 A revoir donc à demain.

3475 2304 614 98 (Signé) Constance de Salm

4140 2521 123 110 57
