4492 2770
521 387 1582 79 mains prêt a se facher. On est même presque tenté de faire entière,

505 452 1638 83 avent grace à certains Automates qui entièrement privés de la famille

501 517 1596 87 de penser et de sentir, le sont même de celle de parler, lorsque

505 586 1601 78 leurs Oracles ne sont pas à leur portée : Ce sont alors des échos

505 650 1582 77 muets, faute de sous qui les frappent. Hélas ! trop heureux

505 713 1605 78 encore quand ou les rencontre dans ces moments là !.... Cependant

508 782 1653 90 le Caractère est drôle ; il a fait le sujet d'une petite fable, inédite

508 856 1656 99 comme toutes celles du même recueil, et qui, bien sans prétentions

512 927 1361 95 n'est peut-être pas sans quelque mérite de justesse.

1025 992 617 92 La Marionette.

958 1165 794 93 Un jeune enfant applaudissait

958 1248 792 72 Aux bons mots de Polichinelle

960 1304 760 83 Qui dans sa loge s'exerçait.

965 1364 702 87 Notre spectateur satisfait

965 1431 771 76 Se met bientot dans la Cervelle

806 1495 956 106 de posséder l'acteur qu'il chérissait

972 1578 750 83 son désir est la loi suprême

972 1638 748 79 On traite avec le directeur..

662 1710 1284 81 Mais le marmot dans peu réconnut son erreur

965 1770 702 76 Polichinelle par lui même,

969 1832 721 88 était un fort sot orateur

842 1913 938 81 Intérrogé de plus d'une manière,

983 1975 767 86 Il garde un silence obstiné.

658 2107 1295 97 J'ai connu maint jaseur, qui, mieux que lui tourné,

655 2181 1241 95 se taisait comme lui, privé de son compère.

2501 364 1596 106 La Garde Royale et la Garde Nationale se sont mutuellement

2459 436 1536 92 donné des fêtes superbes où le Roi et la famille royale ont assisté.

2464 579 1609 83 vraiment français et inspiré par la Muse de Défaugiers et quelques

2512 505 1511 88 A la dernière on a joué une espèce de bouquet dramatique

2461 650 1633 77 autres. Les citations en donnent à ceux qui n'ont pu l'entendre, une

2461 710 1631 79 idée fort aimable ; et il parait avoir produit un effet vraiment lec,

2464 773 1582 101 trique. On a remarqué cette fin d'un des Couplets chantés par un

2468 854 612 97 chansonnier populaire

2764 981 732 94 Ici plus de race étrangère

2773 1050 834 92 Je s'rous tous fils d'un même père

2773 1119 917 72 Et si j'mourons d'vaut nos enn'mis,

2780 1184 834 85 la s'ra pour un Roi d'not pays

2272 1329 132 83 le 24

2466 1387 1185 88 ce que c'est que d'avoir affaire à des comédiens.

2531 1308 1552 95 On dit qu'Andrieux retire sa Comédie de la Comédienne Voila

2549 1509 1478 86 Ce n'est pas une petite chose qu'une Chronique littéraire,

2459 1578 1619 97 dramatique, plus ou moins scandaleuse &. &. Les ridicules sont

2461 1645 1562 100 toujours les mêmes ; les faits positifs et marquants sont rares

2461 1715 1599 90 et l'obligation d'amuser assez difficile par conséquent à remplir

2464 1775 1579 92 Enfin parte encore ce Bulletin. 3 ! Mais puisse bientot la

2457 1839 1640 106 présence à Paris de celle qui l'a commandé, rendre inutile de la part

2455 1911 1646 108 du Rédacteur, ces petits griffonnages qu'il fait pourtant de son mieux ;

2464 1987 1586 83 mais dont il craint bien quelque fois l'insipidités. Par malheur

2459 2065 1578 72 les occupations très graves auxquelles il est habituellement livré le

2464 2123 1623 95 disposent bien mal à l'observation de ce genre, à la demie Epigramme

2480 2199 1617 81 à la Polémique légère. On ne s'en appercevra que trop. Puisse t -il n'avoir

2468 2264 1557 81 pas à donner pour sa défense ce qu'il présente comme son excuse ! En

2466 2333 1577 83 d'autres termes, veuille -t -on lui passer son insuffisance en faveur

2457 2396 986 92 de sa bonne volonté. Amen ! Amen :

2896 2456 903 80 En langue vulgaire. Ainsi soit -il.
