4657 2713
497 289 113 93 1818

454 293 326 168 (de Mme la Princesse

542 289 174 165 de Salm)

1246 309 350 118 Lettre

1126 454 1020 111 A Mr Prous (au château de Liedberg)

1813 601 441 81 Dyck, ce 3 Août 1818.

567 669 1681 90 On vous regrette fort. On ira chercher Louise à midi et sa

506 730 1760 108 maman si elle le peut et on vous attendra à la fin de la semaine

560 802 844 93 On aura le comte de Hompesch.

574 888 1065 79 On fait ses compliments à Mr Ritz.

576 947 1194 90 Mille amitiés à vous et à toute la maison.

1610 1010 592 95 (Signé) Constance de Salm.

2101 1053 187 188 1823

2433 266 131 161 1818

2395 253 264 165 (de Mme la Princesse

2490 321 140 106 de Salm)

3128 375 316 31 Lettre

2926 425 588 119 A Mr Laya

3621 565 592 88 Dyck, ce 26 Juillet 1818.

2499 648 1698 95 Il y a bien longtemps, Monsieur, que je projète de vous écrire ;

2460 716 1746 91 mais la maladie de mon gendre nous met dans des alarmes si

2456 775 1741 104 continuelles que cela et la présence de ma fille et de ses enfans

2451 845 1733 90 me prend tout le temps que je donnerais à mes amis. Pour

2463 917 1746 89 commencer par le plus triste je vous dirai même que je doute que

2472 976 1762 102 ce brave homme se rétablisse jamais, tout ce qu'on peut espérer

2465 1035 1746 113 c'est qu'il retournera à Paris dans le mois de 7bre comme

2440 1114 1785 102 ses affaires l'exigent, mais il y a des instans où on n'ose le croire.

2456 1186 1741 100 Sa maladie est une consomption accompagnée de douleurs

2463 1250 1757 101 d'entrailles auxquelles les médecins ne connaissent rien : après

2465 1306 1741 107 avoir subi les remèdes de ceux de Paris, il est venu faire la

2449 1372 1735 111 même chose ici. Il a en eux une foi aveugle qui fait pitié

2463 1444 1746 102 et sur laquelle il est impossible de lui faire entendre raison.

2460 1514 1712 107 Enfin j'ai toujours en envie de croire qu'il y avait une

2472 1582 1743 97 destinée et je crois dans ce momant que la destinée de ce digne

2472 1643 1764 100 homme est de hâter sa fin par son aveuglement. Ma fille

2460 1700 1776 115 voit tout cela sans le bien juger par l'habitude ou elle est

2741 1781 154 52 son mari

2467 1774 1787 111 de l'entendre se plaindre depuis 18 mois. Si se soten devait

2465 1851 1696 93 se terminer ici, je ne sais en vérité où j'en serais. - Il me

2469 1912 1774 106 semble que ce coup y serait bien plus terrible ici qu'à Paris. Dans

2469 1991 1742 100 une ville et une grande ville on se sent comme entouré de

2478 2059 1762 93 consolations involontaires ; mais à la Campagne il faut être

2469 2120 1778 104 chargé de ffases de toutes les douleurs et ce sont de tristes moments

2476 2183 1685 111 à passer. Enfin nous vivons au jour le jour avec les tristes

2478 2256 1744 102 pensées dont je suis fâchée de vous entretenir. Vous savez qu'il est

2481 2324 1703 113 difficile de ne pas parler de ce qu'on à toujours devant les yeux.

4177 2441 233 220 159
