4594 2922
3025 214 696 134 Lettre de Martini.

2798 345 375 122 Madame.

2338 440 446 90 Ce 20 au Soir.

2540 535 1747 115 D'après la lettre que j'ai reçu de vous hier, je me suis ren-

2304 611 2002 109 -du ce Matin a Votre Hôtel, mais que vous en dirai-je ? votre Anti-

2306 691 1978 117 -Chambre n'est pas encore tout à fait peinte, et la couleur moi-

2299 781 1949 110 -tié rouge moitié jaune, à une Odeur si puante que je doute

2299 854 1973 107 fort, que d'ici à un Mois, vous puissiez vous tenir et coucher

2297 937 1975 93 dans votre appartement, votre Gallerie n'est point encore par-

2304 998 1914 97 -quetée, la partie qui n'est point a jour n'est point plafonée,

2294 1064 1956 102 le plafond de votre Salon n'est point blanchi, votre Ecurie ni

2304 1137 1970 92 le dessous de votre galerie ne sont pas reparés ; l'on n'a commen-

2304 1200 1973 100 -cé qu'aujourd'hui a demolir le mur intermediaire du jardin

2311 1268 1976 115 et a écraser la terre pour faire des nouvelles fondations ; il y a dans

2306 1346 1942 95 la grande cour plus de deux cents Tomberaux pleins de gravat,

2311 1417 1976 100 rien n'est approprié dans l'intérieur, le dehors est plus soigné

2311 1492 1966 85 on a mis beaucoup de bornes dans la rue devant l'Hôtel ain-

2301 1560 1969 93 -si que sous la porte cochère, qui est reparé et repeinte en

2306 1638 1944 88 brun clair ; l'on racorde toutes les pierres ecornées au bas de

2304 1702 1985 90 la Maison, les Ouvriers travaillaient au rond en dehors du grand

2301 1767 1969 88 Escalier, on en a demonté le Vitrage, les deux petits Ecuries

2301 1840 1949 88 au dessous de l'Appartement de Melle. Minette sont finies ;

2299 1909 1966 99 je trouve qu'on y a employé trop de gros bois de Chêne. L'Archi-

2299 1989 1956 80 -tecte est venu avant hier, le portier m'a dit que les mâitres

2299 2062 1966 90 Ouvriers ne l'ecoutent guère. Je lui ai fait dire que vous arri-

2304 2133 1958 97 -veriez du 1er. au 4 du mois prochain, et que vous serez fort mé-

2294 2203 1961 98 -contente de lui. J'ai vu qu'on a posé un ventilateur au como-

2294 2276 1939 78 -dités près du nouveau petit escalier. ce ventilateur est en fer

2297 2347 1921 92 blanc, il ressemble à un gros portecroix. Le mâitre et deux

2297 2415 1953 97 Ouvriers ont été la a le regarder sans rien faire, pendant

2304 2491 1931 87 tout le temps que je suis resté à la cour, j'espère que vous

2297 2559 1975 97 ne payez pas tout le temps que vos ouvriers ont employé, pour

2294 2632 1954 109 n'avoir fait grand chose. La Maison n'est point blanchie en
