4594 2973
669 71 265 97 Lettres

205 222 1997 132 ces gens là ne seront jamais heureux, ils ne méritent pas de

205 299 1960 112 l'être, ils seront également abandonnés de tout le monde.

260 396 1935 74 Je viens d'écrire a Mr. Amaury pour lui demander un rendez

193 453 2014 109 -vous, je verrai ce qu'il pourra faire au sujet de mon loge-

193 545 1977 89 -ment, je m'y deplais, je ne pourrai jamais entrer dans la

205 594 1995 99 Chambre. J'attends une de vos lettres aujourd'hui, pour sûr j'irai

198 654 1985 99 voir Mme Votre Mère ce matin, je vais voir si je pourrai dor-

190 715 1983 107 -mir, la Musique ne me dit rien, la lecture seule me calme car

198 790 1915 99 elle m'endort, a demain je vous recrirai peut-être. Mille

205 862 1522 111 bonjours mais tristes et avec justes raisons.

364 981 572 148 ce 10 Juillet 1809.

1258 991 627 163 (Signé.) Martini.

2507 109 508 94 de Mr Martini

3008 218 741 128 Lettre de Martini

2743 307 354 104 Madame.

2532 448 1767 104 Je commence cette lettre ce Samedi 8 à 9 heures du soir en quittant

2272 510 1970 116 la malade pour la dernière fois, elle ne voit et n'entend plus, je l'ai

2267 577 1947 116 decidée a se confesser, ce qu'elle à fait hier matin, ce soir à 6

2269 651 1985 121 heures je l'ai fait administrer ; elle ne connait plus personne

2272 720 1965 112 elle va étouffer au premier moment. Il est bien cruel et bien

2274 795 1930 121 triste d'être témoin d'un pareil évenement, après près de

2269 864 1460 97 36 ans d'attachement d'Amitié bien sincère.

2249 993 1988 124 J'ai reçu une lettre de vous hier et une aujourd'hui,

2527 931 1685 112 je reponds a celle de hier. Je comprends à présent l'histoire

2267 1062 1960 119 de la Messe rendue, je vous ai deja rapporté la reponse de

2262 1137 1965 116 Mr. Erard, je lui ai envoyé sur le Champ votre lettre et lui

2259 1199 1945 126 ai fait dire par Vignier d'y avoir égard et d'écrire tout de

2252 1280 1965 112 suite a Mr. son frère, ce qu'il a promis. Je n'ai pas enco-

2254 1337 1953 124 -re besoin d'argent, et j'en prendrai chez Mr. Pugnet lorsqu'il

2254 1399 1955 119 faudra que je m'achête des Draps des Serviettes et des couverts

2259 1474 1950 114 d'argent. Je suis bien aise de vous avoir debarrassé de l'achat

2257 1550 1920 119 de la toile, non pas que je sois grognon, mais bien pour vous

2257 1610 1940 114 éviter cet embarras. Je vous ai deja complimenté sur votre

2252 1679 1950 129 succès, même plusieurs fois. Je n'ai pas été chez Defontaines

2254 1754 1955 141 depuis le jour de la reunion chez Mr. Langlès. Je me lasse

2252 1838 1950 114 de donner des leçons en ville. Il à fait ici de l'Orage ce soir,

2252 1900 1938 129 il pleut beaucoup, et hier soir la pluie est tombée a Sceaux.

2376 2103 1836 139 Reponse à celle d'aujourd'hui.

2842 2043 951 124 Je vous ai deja écrit au sujet du    et de la lettre

2232 2170 1997 131 pour Mde. St. Près qui les a reçus. Je n'ai pas vu Mde. Votre Mère

2242 2252 1955 126 depuis plusieurs Jours n'ayant pas voulu quitter la Maison

2249 2316 1933 129 dans cette Circonstance. Je crois simplement que Mde. Chenard

2247 2390 1950 127 ne voit plus depuis longtemps Mde. St. Près et voila la seule cau-

2242 2467 1948 107 -se du retard qui a eu lieu, ce qui me fâche le plus dans vos

2247 2527 1910 126 contrarietés c'est le retardement de la definition totale de

2240 2601 1950 126 Votre procès our toucher noyeaux. Il est sûr que les gens ri-

2232 2673 1958 131 -ches sont malheureux par les frippons qui les entourent, convenez
