4594 2922
241 245 1924 108 qués aux petites portes du passage, et du petit escalier. Si

231 318 1956 95 l'appartement de l'aile etait fini c'est a dire garni de

228 382 1964 109 papier, vous auriez pu vous y retirer, en cas que vous ne trou-

226 460 1973 104 -viez pas votre Appartement habitable. Le Tapissier à

233 523 1966 97 comme moi que l'odeur de la peinture de l'Anticham-

228 589 1995 109 -bre passe dans votre chambre a coucher. Voila Madame l'etat

238 657 1956 107 actuel de votre Maison, le Jardin fait pitié, tâchez de tou-

231 732 1973 100 -cher le plutot possible vos noyeaux de Francfort, car vous

233 803 1978 107 en avez besoin pour payer tous les Ouvriers de votre Maison.

328 881 1883 95 L'Empereur ne part plus pour Cherbourg, Paris est triste

233 935 1986 99 et sale, vous faites bien de ne pas emmener vos jolis Chevaux

231 1010 1944 90 à Paris, ils seraient bientot ruinés, et vous seriez la plupart

231 1068 1958 103 du temps à pied, il faut leur laisser le temps de bien se for-

241 1149 1936 90 -tifier. Je sais que quand un Cheval à le poil piqué, on le fait

246 1215 1965 109 barbotter pendant plusieurs Jours, dans de l'Eau blanche

241 1300 1936 97 avec du son pour le rafraichir, ensuite on le saigne, et

238 1370 1883 103 puis on lui met un Syphon en avant de la poitrine

246 1434 1946 114 qu'on y laisse jusqu'à ce que l'humeur en est tout à

246 1507 1839 109 fait sortie, cette maladie est une gourme rentrée.

379 1565 1810 117 Vous voila donc enfin debarrassé de ce Caumont, je vous

238 1646 1934 112 en fais mon compliment, j'ai encore un peu l'Estomac

241 1709 1929 119 derangé, mais du reste je me porte bien. J'attends vos

238 1782 1964 119 nouvelles pour vous écrire encore une fois. En attendant

238 1848 1949 131 je souhaite un très bon voyage a toute la carossée, et

275 1943 925 114 joie et plaisir en route.

1220 2028 655 175 (Signé) Martini.

3122 209 694 129 Lettre de Martini.

2828 301 387 95 Madame.

2543 457 1673 105 J'ai reçu deux de vos lettres, la petit du 22, après

2292 525 1953 103 la grande du 24. Je crois vous avoir déja repondu dans ma

2292 594 1958 99 dernière sur tout ce qu'elles contiennent, excepté l'article de

2292 664 1987 117 votre fièvre, et le départ de votre graisse, consolez vous, cette

2299 732 1975 115 fièvre ne mangera que vos humeurs malfaisantes et votre

2294 798 1983 129 belle graisse reviendra ; rapportez nous votre bonne santé et

2292 866 1939 103 nous serons ici tous très contents de vous. Je n'ai pas pu

2292 939 1929 108 aller voir votre maison depuis la visite dont je vous ai

2287 1008 1948 95 rendu compte. J'ai encore été à la Campagne chez Melle. de

2294 1086 1951 99 Vienne, à 3 lieus de Paris, j'y suis resté deux jours, mais pen-

2287 1146 1970 98 -dant cette dernière semaine j'ai eu un cours de ventre effroi-

2282 1215 1944 95 -able, j'ai prié Mr. de la Porte mon medecin de venir me

2292 1285 1960 122 voir, il m'a ordonné ce matin, de me rafraichir pendant quelques

2289 1358 1949 110 jours, ensuite de prendre une medecine. Vous pourrez dire en

2292 1424 1919 122 recevant cette lettre que le vieux garçon est en très bon état

2294 1495 1973 119 et prêt d'aller tous les jours dîner en ville, s'il ne fait pas

2289 1570 1946 100 trop mauvais temps. Ma première sortie sera d'aller visi-

2284 1633 1949 110 -ter votre Maison, pour voir ce qu'il y a de fait, et pour ju-

2272 1706 1956 117 -ger s'il sera possible que vous puissiez l'habiter avant

2282 1772 1934 112 la fin de ce Mois, je vous rendrai compte de tout ce que

2287 1838 1931 134 j'y aurai vu et pas vu, et vous reglerez votre retour en

2287 1913 1946 115 conséquence, ne vous mettez point dans les nouveaux pla-

2287 1986 1968 112 -tre, ni dans les nouvelles peintures comme l'Année pas-

2284 2055 1937 104 -sée, vous vous rendriez encore malade pour tout l'éhiver.

2292 2140 847 78 il doit vous en souvenir.

2472 2176 1746 122 Mr. Pugnet m'a écrit il y a huit jours d'envoyer

2277 2269 1961 90 chercher frs. 200 ce que j'ai fait ; arrangez à votre loisir et le

2282 2332 1958 98 mieux possible avec Mr. le Prefet l'affaire en Question, mais

2284 2405 1971 107 pensez aussi que ceux qui ne se présentent pas et ne deman-

2287 2466 1956 112 -dent pas, n'ont jamais rien, et sont regardés commedes

2284 2534 1956 112 nigauds, ou dedaignants les liberalités du gouvernement, et

2292 2607 1924 112 que les finots eveillés obtiennent tout. J'ai ecrit a Mr. Cetto
