4594 2921
2945 204 701 144 Lettre de Martini

2763 328 338 110 Madame.

2514 545 1719 90 J'ai regardé par ma fenêtre depuis 9 1/2 heures jusqu'à

2300 615 1958 90 10h. mais j'ai appris ce matin par Mme. Votre Mère, que vous

2300 701 1945 77 étiez monté en Voiture a 9h. precise. Mme. Votre Mère qui a eu

2300 761 1962 83 un gros rhume va beaucoup mieux, celui de Mr. est presque

2298 830 1996 85 passé de même. J'ai appris aussi ce matin que l'Empereur

2300 895 1933 85 suivi de l'Infant Don Carlos et de sa femme, arrivera ici

2295 968 1941 81 le 15 de ce Mois, on dit que Lucien sera roi d'Espagne,

2312 1032 1953 85 que le grand Duc de Berq sera Roi de Navarre, de la Bif-

2303 1097 1911 93 -laye, d'Aragon et de la vieille Castille, que le Pce. des

2307 1165 1968 78 Asturies sera Roi d'Etrurie avec les Etats de Gènes, que la

2307 1236 1953 90 dernière Reine d'Etrurie sera Reine de Portugal, que son

2315 1307 1943 90 Pce. Royal va épouser une fille de Lucien, quoique tous les

2303 1372 1957 95 deux en bas âge, et que le Pce. des Asturies epousera une fem-

2300 1458 1965 80 -me de la famille Imperiale. Voila deja les nouvelles du

2288 1516 1952 97 jour, demain je vais porter mes Exemplaires chez le

2312 1587 1941 87 Roi de Hollande, chez le Cal. Fesch qui va être primat

2303 1650 1979 97 des Gaules, et chez l'Archevêque de Paris. J'ai été toute cet-

2303 1733 1979 80 -te Matinée occupé a écrire des lettres pour ces personna-

2295 1801 1938 92 -ges, je vous dirai Madame après demain, le resultat

2298 1867 1090 94 de mes demarches de demain.

2490 1949 1760 88 J'espère que vous aurez fait un heureux voyage, et

2305 2010 1933 97 que Mr. de S. est tout a fait retabli, pour omi, j'ai eu

2300 2076 1940 97 beaucoup de Cuison hier. mon Esculape, à qui j'avais

2300 2149 1911 95 écrit hier l'après midi, est venu me voir ce Matin,

2295 2217 1953 95 et m'a dit de suspendre le traitement, il reviendra Di-

2293 2285 1935 98 -manche. Je vous prie d'arranger vous même mon

2305 2361 1970 90 protocole, ce sera toujours la même chose, d'autant plus

2315 2431 1935 95 qu'après une si longue lettre, j'ai la main très fatiguée,

2344 2497 1444 95 je vous suis partout dans votre route.

3800 2526 277 88 xxxxx

2344 2636 424 92 ce 4 Mai.

3427 2589 723 127 (Signé.) Martini.
