4470 2930
605 126 853 110 Lettes de Martini

376 278 1924 112 de sa femme qui est Anglaise. S'il tarde à revenir, sans son

376 371 1917 107 autorisation, le Duc de Sienne se chargera de faire ce travail

381 461 1932 112 pour la confection duquel je serai appelé comme premier chef de

368 546 1947 115 la musique du Roi. Pendant tout ce temps Lesueur a frappé

368 634 1937 108 à toutes les portes et n'a cessé de présenter partout des plans

366 710 1934 110 d'organisation à sa manière, tandis que chacun se méfie de

376 793 1912 132 son gachi. Je suis plus que sûr que Mr. le Duc de Fleury

381 976 1905 120 tout-à-fait : moi au lieu de faire un pareil tripotage, je

371 1064 1934 108 me suis occupé et m'occupe toujours à arranger mes psaumes

373 1140 1935 112 à plein orchestre. Je suis à mon 3ème., le 2ème a 57 pages à

385 1228 1898 119 16 portées. Jugez le temps qu'il me faut seulement pour les

376 1313 1934 117 écrire : je ne compte celui de la réfléxion pour ce travail difficil

588 1394 1693 112 Je n'ai pas eu l'honneur de voir Mr. et Mme. Franck

356 1479 1940 112 depuis votre départ. Je n'ai rien à faire, je cours fort peu dans

351 1560 1898 107 le faubourg St. Germain, et très rarement aux Thuilleries ; on n'y

351 1645 1932 113 trouve presque jamais personnes qu'on veut voir : elles sont aussi

984 1638 44 63 les

356 1731 1747 97 très occupées et fort contentes qu'on les laisse tranquilles.

446 1804 1850 120 Ma main ne va plus. La première fois je vous ferai part de

356 1894 1927 103 l'issue du procès que je recommence avec Leduc. Ce misérable

363 1972 1942 100 malgré les deux jugements qui l'ont déjà condamné, persiste tou

354 2053 1944 117 -jours dans son refus de me satisfaire selon les obligations qu'il

349 2141 1910 100 a contractées avec moi ; l'on doit avoir commencé le play

356 2217 706 124 plaidoyer aujour'd'hui.

547 2314 1724 103 Il me reste encore à vous prier de faire mes salamalecs

361 2390 1922 115 à s. Ex. Monsieur le Compte, et à engager vos deux excellences à

346 2478 472 102 se bien porter.

366 2627 440 117 Je suis de tout cœur leur petit serviteur.

825 2558 1417 113 Ce 30 Juillet, 1814.

1455 2646 611 115 (Signé.) Martini.

3048 258 706 176 Lettre de Martini

2896 461 338 105 Madame,

2467 632 1751 115 J'ai répondu, je vous le jure, dans toutes les langues de

2330 725 1954 107 l'Europe, à la lettre que vous m'avez écrite quelques jours après votre

2330 808 1971 105 arrivée à Dyck, et vous devez avoir reçu ma lettre assez longue.

2335 991 1932 97 Si j'avais eu quelque chose de nouveau à vous marquer pour ce

2337 1062 1932 114 qui me concerne je n'aurais pas manqué de vous en faire part.

2318 1159 1902 93 Je ne suis pas encore en activité. Mr. le Duc de Fleury qui

2381 1242 1859 98 est depuis 2 mois en Angleterre, n'en sera de retour que le

2369 1316 1839 97 18 ou le 20 de ce mois, peut-être assez à temps pour que je

2366 1406 1871 110 puisse donner mon tedeum le 25 à notre Dame devant le

2337 1489 1903 100 Roi : mais je n'ai pas perdu mon temps ; je l'ai employé mal-

2330 1567 1929 100 -gré les importunités des musiciens réclamant à mettre déjà

2369 1648 1859 107 trois de mes psaumes à très grand orchestre. Ma santé est

2332 1728 1967 105 admirable : je devine que la vôtre est aussi parfaite ; vous

2330 1816 1944 88 avez de la distraction, c'est ce qu'il vous faut. Vous dites

2335 1894 1939 110 toujours que vous désirez le repos ; votre vivacité ne vous en

2337 1985 1940 87 laissera jamais jouir. Je vois qu'en général vous êtes fort con-

2330 2063 1905 92 -tente. Comment ne le seriez vous pas ? Vous régnez, et vous avez

2332 2138 1954 98 tout à souhait ; bals, concerts, sociètés, promenades à pied, en

2332 2214 1932 108 voiture, une table somptueuse, un nombre de domestiques mâles

2335 2317 1920 105 et femelles, de la musique, des livres, le billard, l'écartée, le

2327 2412 1945 85 trictrac, &a. &a. que voulez-vous de plus ? moi, je n'ai que mes

2327 2485 1950 100 nôtes pour tout amusement chez moi, et mon procès pour m'oc-

2335 2573 1954 112 -cuper au dehors. Je comptais pouvoir vous en donner des nouvelles
