4510 2969
608 158 892 129 Lettres de Martini

368 324 1931 118 des nouvelles les Parisiens n'en disent pas, ou ne savent que

363 413 1934 126 celles deux journaux : vous êtes peut-être plus a portée d'en savoir

361 487 1941 119 et d'en être tourmentée. Nous pensons que vous êtes dans les cas de

368 574 1951 133 changer votre plan de voyage, et que vous devez être incertaine de

366 655 1948 124 savoir si vous resterez à Dyck ‒ ou si vous reviendret sur

366 739 1936 126 le champ à Paris. Il serait très difficile de vous donner un

376 823 1940 119 conseil dans cette circonstance. l'Avenir est le secret des

358 917 1919 129 Dieux. Conservez votre calme, et surtout vos bonnes santés

368 1002 1899 131 pour pouvoir agir avec raison et exécuter avec vigueur un

376 1086 1921 131 plan bien combiné. A un petit rhume près ma Santé va

371 1172 1945 119 très bien, tout le monde me fait compliment Sur ma donne mine

507 1249 1817 139 J'attends de vos nouvelles le plus tôt possible. Je vous souhaite

366 1363 901 109 toutes les prospérités possibles.

581 1417 1725 131 Ce 2 9bre. Jour ou nous avons eu si froid à Bruxelles en

363 1494 1961 138 tournant le coin pour endrer dans la cour et que nous avons été

371 1578 1926 144 ensuite entendre toucher de l'orgue dans l'église voisine de

363 1687 614 121 l'hotel de Flandre.

500 1744 920 175 L'on attend l'Empereur.

1373 1825 837 171 (Signé.) Martini

2992 348 815 144 Lettre de Martini

2831 546 364 109 Madame,

2618 710 1639 118 Ne comptez pas sur moi d'ici à plusieurs jours ; je

2344 794 1935 126 suis très fortement pris par la goutte au pied gauche. En at-

2344 880 1953 126 -tendant que je puisse avoir l'honneur de vous voir, donnez-

2346 967 1946 126 -moi, je vous prie, Madame, de vos nouvelles et de celles du

2346 1066 1904 116 nouveau ménage. Agréez aussi les assurances de mon ancien,

2356 1148 1238 123 inviolable et respectueux attachement.

2440 1313 708 126 Ce Mardi soir, 8 février.

3443 1316 349 183 Martini
