4706 2735
2612 820 835 98 Chacun connait cet apologue :

2378 872 1685 119 "Un peintre avait exposé un tableau représentant un lion terrassé

2359 932 1724 141 "par un homme ; un lion passa et dit : si des lions faisaient des tableaux,

2357 1007 1512 123 "ils représenteraient des hommes terrassés par des lions."

2455 1059 1621 137 À l'application. Les hommes ont fait les livres, donc c'est d'eux

2375 1125 1660 142 seuls qu'émane le privilège, qu'ils veulent s'arroger, d'en faire

2373 1189 1717 128 exclusivement : donc Mr. xxx en sa qualité d'homme refuse aux fem-

2378 1255 1694 128 mes le droit d'écrire quoique, probablement, il ne leur refuse pas la

2373 1326 1637 132 faculté de penser, et que l'un soit directement l'effet de l'autre.

2455 1388 1630 141 Frappée depuis longtemps de cette injuste contradiction, je cède enfin

2371 1454 1662 132 au désir de la combattre, et j'élève la voix : non pour favoriser les

2375 1522 1710 148 femmes, non pour attaquer les hommes ; mais pour rendre à chacun

2378 1588 1596 141 ce qui lui est dû, et défendre un sexe du despotisme de l'autre.

2464 1656 1637 133 Examinons qu'elle peut-être la base de ces droits exclusifs que préten-

2387 1770 579 78 dent avoir les hommes.

2460 1793 1639 142 Serait-ce leur force physique ? Ce n'est pas ici une lutte du plus fort

2396 1893 561 105 contre le plus faible.

2453 1935 1616 132 Serait-ce que cette supériorité de force physique en doit donner

2396 2003 1714 128 une morale ? les grands hommes, dont la supériorité s'honore, étaient

2398 2092 1035 107 presque tous faibles et valétudinaires.

2460 2133 1616 127 Serait-ce leur prétendue supériorité morale, est-elle prouvée

2446 2233 1614 128 (1) Cette reponse a paru quelques jours apres dans un autre journal, celui

2437 2329 802 121 de Paris ayant réfusé de l'insérer.
