4796 2668
773 484 1554 122 La petite négociation dont parler Andrieux dans cette lettre

613 555 1706 98 est relative à un role de femme que Picard avait mis dans une de

624 622 1683 93 ses pièces (la grande ville ?) Alexandre Duval qui en avait entendu

622 689 1692 98 la lecture avant qu'elle fut jouée, m'avait avertie que la position

607 760 1716 95 dans laquelle l'auteur avait mise cette femme paraissait être

613 833 1721 96 une allusion à la mienne quoiqu'elle ne fut qu'une espèce d'intri-

613 904 1714 94 gante, et il m'avait engagée à en faire parler à Picard que je ne

604 969 1732 89 connaissais qu'indirectement. Mon mari venait alors de me quit-

609 1031 1721 98 ter ; j'avais lu, il y avait peu de temps, une Epître dans un lycée

604 1096 1726 102 dont j'étais membre ; je recevais chez moi beaucoup d'étrangers de

607 1162 1725 98 distinction ; et toutes ces circonstances étaient celles dans lesquelles

615 1231 1699 94 Picard avait mise cette femme. Comme Andrieux le connais-

613 1293 1694 96 sait beaucoup, et qu'il était un de mes meilleurs amis, je

609 1358 1730 102 le priai de lui parler à ce sujet ce qu'il fit. La première répon-

600 1425 1712 104 se qu'il me rendit, quoique satisfaisante en apparence, ne me

607 1487 1712 104 plut pas ; je crus y voir de l'obscurité et de la mauvaise foi,

591 1560 1745 100 et je ne me trompais pas ; car j'appris depuis que Picard s'était

604 1627 1737 84 trouvé dans une maison avec mon premier mari qui avait parlé

595 1687 1748 98 longuement avec lui, et qu'il lui avait sans doute appris beau-

602 1763 1690 93 coup de détails de mon intérieur qui lui avaient paru assez

607 1827 1692 100 piquants pour en enrichir un role dont il espérait que la

598 1894 1736 91 nouveauté ou la méchanceté donnerait un grand succès à sa pièce.

602 1967 1714 89 J'eus aussi lieu de croire que ce pouvait être une vengeance

595 2027 1735 96 de mon premier mari qui alors était entre les mains d'une très

595 2112 516 73 mauvaise femme.

724 2147 1612 105 Peu contente de la première réponse de Picard, je priai An-

591 2232 1736 80 drieux de retourner chez lui, et d'insister vivement en mon nom

602 2292 1672 95 pour faire retrancher le role, et après plusieurs pourparlers il

600 2356 1710 109 finit par entrer dans l'espèce de capitulation expliquée dans ##

2459 377 1738 92 lettres. Il m'en écrivit même une dans laquelle il protestait de

2456 442 1730 93 sa bonne foi dans tout cela ; disant qu'il n'avait voulu peindre

2454 513 1732 89 qu'une intrigante et que cela ne pouvait, par conséquent, n'avoir

2452 582 1679 89 aucun rapport avec moi. J'ai égaré cette lettre, mais j'en ai

2456 642 1746 93 retrouvé quelques autres écrites plus tard à ce sujet, et des copies

2452 715 1696 96 de mes réponses dont jusqua #### ; car cette petite affaire n'en

2456 784 1014 85 resta pas là, comme on va le voir.

2532 844 1670 103 Je fus donc à peu près satisfaite de ce qui avait été conve-

2452 918 1688 100 nu avec Andrieux, et je me tins tranquille. Picard vint

2456 991 1706 98 quelques jours après chez moi pour me dire qu'on jouait

2452 1056 1721 104 le soir sa pièce et pour m'engager à y aller, du moins je le

2450 1122 1696 96 crus ; car j'ai vu depuis que c'était seulement pour savoir

2454 1185 1654 97 si j'avais l'intention d'y aller. J'étais précisément alors

2448 1253 1727 92 avec deux étrangers les Comtes de x x x . qui me préssèrent

2448 1313 1745 103 d'assister à cette 1ère. représentation. Une Dame qui vint peu

2450 1389 1694 96 après m'y ayant également engagée, je m'y décidai. Nous

2450 1451 1716 91 dinâmes en hâte, eux pressés de voir la pièce nouvelle, et

2448 1518 1727 91 moi satisfaite de donner cette preuve d'intérêt à un auteur

2445 1585 1225 95 dont je ne croyaix plus avois à me plaindre.

2456 1716 1695 93 Tout alla bien prendant le 1er. Acte ; mais au second la

2554 1643 1612 93 Dame en question parut ; et je fus d'abord surprise de la voir

2452 1787 1672 91 vêtue comme je l'étais ordinairement, c'est à dire coiffée à

2450 1845 1710 102 la titus, ayant une robe blanche et un schal rouge. Après la

2448 1918 1727 100 première tirade je ne pus plus douter que c'était moi en effet

2443 1989 1743 85 que l'auteur avait voulu travestir ainsi ; car il n'y était nul-

2445 2045 1715 107 lement question d'astronomie, mais seulement de littérature.

2448 2123 1716 93 Lorsque la scène s'engagea l'allusion devint encore plus posi-

2450 2189 1714 96 tive ; cette femme se disait séparée de son mari ; elle venait de

2445 2256 1672 85 lire une pièce de vers dans un lycée et elle se promenait

2443 2316 1743 125 avec des étrangers : enfin j'étais tellement désignée dans toute
