4706 2735
456 350 1725 105 dans les grands événements de la vie ? Sénèque se laisse condamner à la

458 414 1717 107 mort, Paulina s'y condamne elle-même. Pétus fugitif et proscrit

456 478 1728 100 craint de se porter le coup mortel, Arie lui en donne le gènéreux

453 549 1731 107 exemple ; et ne venons-nous pas de voir, récemment, une femme con-

458 613 1730 118 nue jeter sur l'échafaux un regard assuré, et ranimer, par ses discours,

449 683 1682 107 le pusillanime compagnon de son infortune ? Ne venons-nous pas

449 752 1735 111 de voir des femmes, de tous états, de tout âge, franchir les barrières

442 827 1742 100 des prisons, repousser, étonner, vaincre par leur constance et leur courage,

453 893 1701 98 un géolier grossier et inhumain dont la seule réponse était l'insulte

451 954 1687 112 et l'outrage ? et pourquoi s'exposaient-elles à ces dangers ? pour-

451 1021 1740 111 quoi à travers mille perils pènétraient-elles dans d'obscurs cachots ?

456 1091 1698 107 C'était pour adoucir vos maux, pour essuyer vos larmes, vous, leurs

442 1155 1682 103 amis, leurs époux, leurs frères ! .... Hommes ingrats ! vous

446 1219 1672 109 ne leur arrachiez pas la plume alors, et prosternés, vous laisiez

444 1287 1708 101 la main bienfaisante qui venait de tracer l'écrit qui vous justi-

440 1360 1714 98 fiait, et faisait passer dans votre âme le beaume consolateur de

430 1424 915 87 l'espoir.... mais revenons.

515 1488 1662 105 Serait-ce enfin que l'être suprême en créant les hommes et

435 1558 1737 101 femmes aurait gravé cette maxime au fond de leur coeur : femmes,

417 1622 1728 98 soyez la consolation de l'homme, son bonheur, le mobile de toutes

433 1691 1742 102 ses actions ; partagez ses plaisirs, ses travaux, ses adversités, comme

426 1761 1712 110 il partagera les vôtres ; pensez, raisonnez, résumez comme lui ; mais

428 1832 1692 103 gardez-vous de lui contester le privilège d'écrire, de fixer sur le

430 1900 1738 101 papier ses idées en style plus ou moins harmonieux ; car ce droit n'ap-

421 1966 1740 105 partient qu'à l'homme seul ; et cependant voilà ce qu'il faut accorder

428 2030 1692 103 si l'on veut interdire aux femmes le plus innocent des plaisirs.

508 2094 1601 103 Et cependant ô Rousseau ! toi dont je ne prononce le nom

426 2162 1696 101 qu'avec admiration, tu as été homme un instant, et ta main a

430 2226 1640 137 voulu arracher la lyre à un sex que tu idôlatrais ; mais qui

437 2292 552 103 n'était pas le tien.

3428 1093 88 5 que

2492 328 1591 120 Oui J. Jacques, il est vrai que les femmes ne doivent pas écrire,

2355 382 1703 133 comme il est vrai que l'homme qui pense est un animal dépravé,

2350 451 1726 139 dans cet état de nature primitive où ton vertueux enthousiasme nous

2362 512 1634 130 renvoie sans cesse, allaiter et conduire nos enfants devaient être

2362 569 1728 153 notre seule occupation ; pourvoir à leur subsistance et à la nôtre devait

2357 640 1744 141 être celle des hommes ; mais qu'ils sont loin de nous ces temps, ont ils

2346 713 1730 159 ils jamais existé ? Ce génie inquièt et créateur qui tourmente, sans

2382 786 1692 134 cesse, tous les êtres pensants, nous a-t-il jamais permis de nous

2366 852 1708 141 défendre des inconveniens qui y sont attachés ? Cet état de na-

2375 918 1735 141 ture même, n'est-il pas plutôt un beau rève que sa bonté nous envoye

2380 986 1701 146 pour refrener, en quelque sorte, l'ascendant qui nous porte, sans cesse,

2380 1046 1705 143 hors de ses bornes ? O J. Jacques ! quelle soit la force de tes rai-

2384 1109 1715 137 sonnements, les hommes penseront, les femmes écriront quand elles

2382 1176 1722 134 se sentiront inspirées ; elles épancheront sur le papier le feu dont leur

2382 1237 1724 141 âme est consumée, les hommes mêmes seront forcés de les applau-

2382 1315 1708 139 dir, et tes ########## assertions contre elles ne serviront que de pré-

2389 1383 1626 130 texte à la domination qu'un sexe ingrat veut presque toujours

2396 1479 524 109 exercer sur l'autre.

2478 1490 1664 162 J'ai dit, lecteur ; c'est à vous de juger. Cependant pour rendre encore

2398 1565 1726 153 la balance plus égale, s'il est possible, j'ajouterai quelques observations

2398 1636 1722 144 sur la lettre de Mr. xxx . L'autorité de Montaigne sur laquelle il

2405 1711 1717 151 s'appuie Mr. ### est respectable sans doute. Quoique ce ne soit que l'opi-

2412 1777 1664 144 nion d'un seul homme, c'est celle d'un homme philosophe ; mais

2414 1846 1674 155 j'aurais désiré pour la satisfaction de tous, que Mr. xxx se fut

2416 1907 1690 160 donné la peine de citer, tout entier, le passage de Montaigne qu'il

2419 2014 1037 112 rapporte. Voici ce qu'il en a retranché :

2421 2055 1669 135 " Si tout fois, il leur fâche (les femmes) de nous céder en quoi

2419 2108 1698 155 "que ce soit, et veulent par curiosité avoir part aux livres, la

2423 2176 1717 162 " poésis est un amusement propre à leurs besoins ; c'est un art

2432 2251 1717 155 " folâtre et subtil desguisé, parlier, tout en plaisir, tout en mon-

2432 2356 730 112 " tre comme elles. & & c : "
