4556 2741
370 312 1759 411 en dat insupportable pour une trop vive vivavité
438 379 2022 484 Mr Prous comprendra ont cela. Je Lui fos mes sincères amitiés
1473 465 2092 559 (Signé) Constance de Salm.
354 541 415 623 18
445 539 605 671 da
303 596 532 717 de S 2246
1037 543 1382 680 Lettre
909 682 1932 815 A Mr Prous (au chaateau de Liedberg der.
429 904 2063 1021 Je vous trouve heureux, Monsieur, d'être le Chaperon de deux
1569 854 2083 959 Dyck, le 20 coût, 181.
338 975 2086 1098 jeunes Demoiselles. Prenez parre p'au lien de les diriger, elles ne
338 1057 2074 1160 vous dirigent la Nature et faible ; mais il fait à la vérité qu'elle
326 1116 2076 1244 sut forte pour être faille, et à vois er coure, mn pait s'u fier
335 1196 1304 1267 à vous. Je ne vous le souhaite pas.
397 1251 2056 1363 fou le Pétrone. Cette lecture ne va pas avec vos demoiselles.
331 1320 2081 1429 Elle est bonne pour de vieux routiers comme nous ; gardez le tone vous
331 1395 2092 1498 vous. il m'est arrivé hier une cargaison de vieux gardes boutiques
342 1459 2086 1555 que de Saër aura été sans doute charmé qui je lui aie demandé
317 1523 2088 1624 mais ce sont de bons bouche tons tuas ma bibliothèque et dans moi
333 1596 2017 1690 temps. J'en ai pour dux vas à lire, sans d'ébrider, si se le veux
413 1658 2140 1756 Vous ni parlez plus de guerre, comme ces gens qui voyant que les tore
322 1724 2131 1831 vont comme i les avaient annoncées, se taisent par aiis de satisfac-
326 1795 2113 1914 tion. E! bien, j'ai pourtant encore un fond d'incrédulité et malgré
326 1877 1444 1966 aetre silence je ne puis ête de votre ans.
390 1943 2102 2046 il n'y a pas moyen de rien dansier pour le major, dans le seus aui vous
331 2000 2074 2121 C'entandez. J'airais fait que ques frais de politesse pour sa conversation
319 2083 2049 2185 et sa société surtout dans l'éloignement de toute chose où je vis ;
315 2151 2111 2254 mas por la correspondance, je me contente des mi'ettes qui tombent
329 2208 966 2293 de la table de ces james.
422 2291 2058 2386 Je ne sais pourquoi vous me parlez d'oublis, je n'y suis point
324 2348 2024 2476 sujette, surtout en amitié Mele moi sur la voie si vous voulue
340 2473 571 2574 (Corresp.: l:)
2369 349 4087 445 qu j y'entende, pa qu la, est veous que j'accuse de m'accuser
2595 418 3114 493 Amitié et Estime
2460 545 3683 634 Je suis charme de la délivrance de ella.
3427 472 4101 559 (Signé) Cous tince de Salm.
2369 687 4101 781 dout voous serez Dieu le pere. que la grâce soit avec vous àe s
2451 619 4094 701 dous dinons à 2'y précises le 4. Je compte sur votre trinité
2376 758 2830 840 (det e rete (pe s lades.)
2527 861 2563 977 18
3054 861 3413 954 Lettre.
3518 840 4126 975 ( Cor.. gr le (n° 20))
2833 961 3635 1103 A Mr le Prince de Salm
2463 1279 4103 1361 le n'est n'chin à mon retour de Griesbash à Carlsruhe qu'on
2641 1201 3134 1297 on Prince
3568 1146 4181 1235 Cerle ruhe, le 7 Septembre,181.
2357 1343 4073 1434 m'a rends le paquet que vous m'avez fait l'honneur de m'adresser.
2357 1404 4172 1496 Madame la grande Duchesse est charmée davoir en nu possession les oeuvres
2364 1486 4133 1569 completes de Mme de Salm dout elle est digne d'apprécier les charmantes
2369 1555 4083 1633 productions. lle n'en connaissait que quelques fragments qu'ell se
2367 1617 4131 1701 plaisait à répéter ea chanter. Son Altesse Royale me charge, honneur
2364 1685 4142 1765 à de tous ses remerciments. Elle vous en devra davantage si vous lu four-
2355 1751 4099 1831 misse l'occasion d'en faire ele meme à Bade à madame de Salm
2367 1893 3109 1984 (ue lle j'ai l'honneur d'elle
2431 1813 4108 1895 Agréez l'assurance de le Considération la plus distingue avec la-
2988 1946 3297 2046 Prince
3367 2016 4115 2108 Votre très humble et de
3139 2137 4151 2256 (Signé) Ag alh & Walsh s8
3370 2085 4009 2172 Obéissante Servante
2385 2311 4201 2405 (1) Celle dame était dame d'honneur de la princesse Stephanie
4194 2169 4236 2343 18
2378 2384 4131 2469 de Bade. de Prince lui avait envoyé les poésies de la Princesse
