4656 2901
3161 246 822 143 Lettre de Martini

2999 381 329 114 Madame,

2791 568 1669 113 Je ne sais pas si je pourrai aller me présenter chez vous

2459 662 1967 101 aussitôt après votre retour. J'aurai une répétition général le 4 où

2462 732 2012 123 le 5 de mon tedeum qu'on exécutera Dimanche 6 dans l'église

2459 826 2005 102 de notre Dame. Si Mr. de V..., où vous, vouliez y assister pré-

2459 916 2010 96 -cautionnez-vous de billets du moment de votre arrivée et vous

2462 993 2027 121 me ferez plaisir. J'ai retrouvé hier à la préfecture de Police ma

2464 1075 1986 107 montre qu'on m'avait volée le 23 à la messe de Ste. Cécile

2462 1155 2005 140 dans l'église de St. Roch ; mais je n'ai aucune nouvelle de ma

2464 1266 411 87 boite d'or.

2624 1332 1799 113 Je veux vous retrouver ainsi que Mr le Compte et Melle.

2457 1414 1942 116 en bonne Santé. J'ai prévenu Mr. March... de votre arrivée.

2556 1506 1780 108 Cent millions de choses très aimables pour vous trois.

2713 1641 520 126 Ce 2 ocbre. 1812

3400 1646 922 142 (Signé.) Martini.

435 246 1935 111 conter. ‒ Recevez en attendant l'assurance de tout le plaisir que

442 343 1954 113 j'aurai de vous revoir et de pouvoir vous dire 100000 jolies choses.

553 493 721 135 Ce mardi 24 Janvier.

1458 493 743 145 (Signé) Martini.
