4472 2884
2618 646 1673 108 J'ai reçu hier la fin que vous m'avez envoyée. J'ai com-

2341 733 1919 112 -mencé hier à mettre en grande partition, afin que le copiste puisse

2344 807 1892 127 déjà y travailler de son côté et ne pas retarder le moment de

2356 903 1964 106 l'exécution. Je me suis tellement fatigué la tête hier matin pour

2351 973 1928 139 changer l'endroit : des Sages, des héros, & ce que j'ai été obligé de

2336 1071 1965 121 sortir pour me refaire. Je l'ai enfin terminé, et j'en suis à l'air

2351 1151 1931 120 fils de Morven. Lorsque j'aurai fini le choeur des Bardes

2341 1230 1967 115 je m'occuperai de vos dernières paroles. Je n'aurai pas l'honneur

2341 1307 1953 120 de vous voir aujourd'hui. A midi je serai d'un jury, après le-

2341 1396 1989 122 -quel j'irai diner chez Mr. Treilhard, qui m'y a engagé ; demain

2346 1482 1871 123 je dine encore en ville, et je serai peut-être obligé de vous

2349 1574 959 113 faire faux bon après demain.

2639 1634 1631 113 Pendant ce temps je continuerai la grande partition

2361 1720 1966 137 qui contiendra à peu près 70 pages. Voilà bien de l'écriture pour

2358 1828 714 75 ma main tremblante.

2663 1886 1657 118 J'espère, Madame, que votre Santé va mieux. Accueil-

2356 1973 1462 117 -lez et distribuez mes respectueux hommages.

2488 2136 462 103 Ce 26 Avril.

3373 2124 666 163 (Signé.) Martini.

3007 273 801 140 Lettre de Martini

2875 473 337 106 Madame,
