4538 2770
344 369 1739 78 sommes nès dans un siècle misérable l Les lettres que je re coissfsiln

348 440 1744 86 qu'il n'y soit pas question de politique, ce que je crains par dessus tout)

339 500 1778 95 ces lettres donc ne parlent que de tristesse et de mécontentement. La sévérite

334 574 1739 81 parait grande, et largent qu'on demande passe les moyens et dé sespère

341 634 1705 81 Vue d'élémens, de révolutions ! on a beau dire et beau faire, sans une

339 706 1748 85 honnête liberté et une propriété assurée, les hommes sont toujours

332 777 1702 81 prêts à se revolter. Mais Dieu permet ou vent l'aveuglement des

348 842 1739 99 Gouvernants, comme il a perniss les lumières des gouvernés. Clest

330 909 1381 95 justementon le contraire qu'il faudrait à cès chessieurs.

385 985 1728 79 Mon mari ne me parle plus de son retour si proche. Je tends le col

332 1047 1785 81 et je suis résignée à tout. J'ai perdu ce beau fen qui fait qu'on se désés

337 1108 1794 87 père sans mésure et à l'epception du 1re moment ; je suis désenchante

337 1170 1251 85 même des tourmens du loeur. triste avantage.

401 1239 1723 85 Comme il faut rire un peu à travers tont tela; je vous dirai trois Enseiques

327 1308 1806 88 dont le journat de Paris parlait il y aquelque temps. La prémière estait celle

334 1368 1786 95 d'un cordonnier qui faisait des souliers pour les Reines Hortense de Naples e

339 1449 1764 74 il avait sur son enseigne : Un tel chausse les têtes couronnées ; la 2e est

337 1509 1762 86 d'un charcutier qui fournissait les Princes de la famille ; elle portait ;

337 1581 1743 92 Un tel charcutier du sang impérial. Enfin sur la troisième il y avait .

341 1655 1718 87 Un tel accoucheur de l'Empereur. J'espère que vous êtes content de ces

339 1715 1781 76 layzis auquel j'ajouterai celai que je vous ai peut être dejà dit, et qui part

332 1788 1769 77 de la même source, de cet honnête homme qui écrivait une lettre d'ex,

337 1851 1766 92 quses à un créancier impertinent et qui finissait ainn cette lettre. Je sui

339 1918 1727 101 pour la vie votre afectionné servteur et débiteur : pour la vie ! Qu'An

344 1999 1736 85 dites vous. Je ris donc de ces bêtins, faute d'autres choses. J'en ai même

332 2061 1171 69 un plus grand répertoire que je vous garde.

374 2121 1741 78 A revair, Monsieur, donvez moi de vos nouvelles. Mais je m'appercois tout à coup

334 2185 1769 84 que j'ai commencé ce billet à la Se personne du singulier et que je le finis à la 1e

334 2255 1783 85 du pluriel ; cela n'est pas étonnant, ou ne finit pas toujours comme on a commence

334 2319 1857 88 surtout par le temps qui court. Je devais aussi n'écrire qu'un billet et voici un volume

371 2391 1751 90 A revoir donc, Monsieur ; portez vous mieux. Venez, amenez mai vos Dames, laissez m'en qed

339 2453 1605 86 ou aile et veuillez leuu faire mille amitiés de ma part et en recevoir autant vour vous.

1494 2516 575 85 (Signé) Constance de Salm.

2300 270 152 207 188

2274 283 303 192 (e Mme la Princsse

2367 350 180 123 (de Salm)

3036 325 347 127 Lettre

2891 475 910 111 A Mr Prons (au château de Liedberg)

3542 623 520 76 Dyck, le 20 Mai, 1816.

2397 683 1651 111 Voila le Cartou, Monsieur, il vient en droite ligne de Paris ; il est bien

2337 759 1734 102 fait dans sa simplicité. Je ne clésire pas autre chose, hors le bariolage

2330 833 1736 88 des couleurs, cela aide à se reconnaitre et j'en ai senti l'avantage

2330 900 1261 83 depuis que vous m'avez mise au verd et au rouge.

2376 953 1656 108 L'idée de mariage qui vous effarouche, m'est vence en tête, je ne sais

2334 1027 1760 97 Comment, et je l'ai dit de même sans y attacher le moindre sens. Pourtant

2334 1098 1769 102 j'ai senti imme diatement après avoir laché le mot qu'il est deceux qu'on

2337 1165 1743 104 ne dit pas en riant aux jeunes personnes quand les Messieurs sont la

2344 1230 1725 111 Il ne faut pas jouer avec les armes à feu, et depuis que vousprenez

2344 1299 1748 97 du Nénuphar il faut prendre garde à ce qu'on vous dit et tout tire

2346 1368 1739 100 à conséquence. Je vous approuve fort au reste de ne pas préfèrer la

2344 1433 1734 97 jeunesse ; fi pert ou avoir 20 ans 2 cela n'a pas le sens commun

2344 1498 1695 106 h0 et plus à la bonne heure ; on jase et c'est tou jours quelque chose

2348 1574 1019 94 quand les autres quelque choses s'en vout.

2401 1627 1714 111 Je suis aujourd'hni dans un accès de mélancolré terrible . Rue lettre de mon

2339 1698 1725 104 mari que j'ai reçue hier ne parle non plus de don retour que s'il était

2339 1763 1730 95 domicilié à Berlin. Les jours se passent, les nuits aussi cequi est

2341 1839 1760 99 bien pis, et au lieu d'être heureux on sonffre, ce qui fait une différence du

2344 1915 1159 88 double des moments que lou perd réellement.

2381 1975 1727 97 J'ai eu hier du monde pourtant et j'avais ri et jasé comme je n

2341 2038 1758 108 l'ai pus fait depuis longtemps ; j'étais gaie et contente. Je crains tou-

2337 2119 1704 92 jours ces moments ; Cor, comme riien n'est permanant dans ce

2339 2185 1734 86 monde, il arrive presque toujours (dieu sait comment) qu'ils sont

2337 2243 1734 99 suivis de tristesse. Vous pouvez juger de ma mélancolie puisque je

2339 2317 1009 79 m'amuse à toutes ces babioles d'idées.

2387 2375 1684 104 Je me distrais mieux en vous écrivant et j'avoue que cela me

2350 2516 199 97 (Correspe Me)
