4538 2770
360 387 1757 88 fancaises a faire avec vous. J'ai aussi éte que ques jours sans rece-

357 445 1802 109 noir mes journaux. Je vous en envoye à tout hasard un paqet d'hien

385 512 1090 92 Vous y verrez le mariage de votre c'lièce.

452 584 1651 106 La politique n'y a pas grand mine. let étaluge de Maréchaux

360 650 1725 102 et d'anciens généraux qu'on fait autour du roi a un certain air

367 717 1729 97 d'avoir peur qui n'est pas rassurant et ce conjuré quis crie comme

348 794 1739 99 un fontoince ; je parlerai au Roi, je sauverai la France. Cela me

346 856 1215 92 fait l'effet d'une tragédie de Schakeaspear.

443 930 1647 97 Louise vous aura dit comme quoi nous avons accroché un

355 987 1721 97 couvist sur le grand chemin ; coute qui coute, il faut se distraire,

353 1054 1739 86 c'est la vie des francais. J'en ris encore et le rire fait tant de bien.

353 1114 1760 116 sans lui ou a ce qui s'appelle la maladie du pays et se crois sérien

332 1195 1744 93 sement que cest votre véritable mal qui en amène mille autres.

413 1262 1649 95 Mon héras revient au plus tand dans cinq jours. Je compte

346 1324 1755 104 les heures. J'ai fait de jolis vers sur ce retour. Quand vous me vien-

339 1391 739 74 drez voir je vous les dirai

431 1461 1622 87 A bieulot donc, Monsieur. Soignez vous, distrayez vous, et

344 1530 1258 83 n'oubliez pas vos voisins et sortout vos voisines

438 1650 1051 125 Je vous fais mille complimens d'amitié.

1364 1782 615 103 (Signé) Constance des

2323 337 106 108 1816

2309 332 284 173 (de Mme la Princesse

2390 417 145 97 de Sillm

2965 369 328 104 Lettre

2810 507 681 113 A Mr Raboteau

3510 664 568 86 Dyck, ce 18 Juillet, 1816

2450 734 1609 92 Qu'il y a longtemps, Monsieur et ami que nous n'ayons jase

2339 814 1695 95 ensemble est-ce vous quime devez une réponse ? on est-ce moi quu

2337 893 1699 83 vous en dois une ? Je n'en sais rien, et ce n'est pas cela que je caleule

2346 960 1727 83 quand je vous écris : pour mieux dire je ne caluile rien et je cède tout

2346 1031 1693 72 simplement au désir ou au besoin de m'entre tenir avec vous. ‒

2339 1096 1785 72 Me voila donc, et même me voila enfin tranquille et heureuse autant

2346 1158 1711 79 que je peux l'être : moncher Prince est revenu avant hier, après

2332 1232 1776 79 une absence de 5 mois, qui me paraissent S hècles dans mes souve-

2337 1294 1741 88 virs. Ils m'avaient tellement enfoncée dans. la mélancolie que

2344 1371 1757 78 je comprends à peine que je suis sortie de ce long exil de moi même

2344 1431 1778 90 et qu'a chaque instant il me semble que j'y vais retomber hign-

2334 1502 1725 69 rez vous donc Monsieur, que je ne comptais sur ce cher mari que

2346 1565 1725 78 dans 5 jours, et tout à corp, j'entends un rouliz de voiture des

4023 1535 90 71 poi

2350 1629 1751 95 gens qui accourent, toute la maison en l'air ; ou criait le Prince

2341 1698 1739 95 le Prince : si bien que j'ai été toute saine, et ne sentais pas ma

2339 1777 1753 78 satis faction comme je la sens aujourd'luii : En lui avait prépare une belle

2346 1839 1713 86 reception, 40 de ses fermiers devaient aller au devant de lui, 20 officiers du

2339 1911 1727 76 bataillon de la milice, dont il est colouel, lui avaient aussi arrangé un

2339 1982 1769 93 compliment, des amis devaient se rendre ici, pour un grand duer d'appsi

2341 2052 1739 76 rat, et le dérangement de tout cela se mettait aussi en traversde la

2334 2121 1760 83 joie que j'avais à le revoir ; mais nous sommes accomodants ; le desi

2341 2190 1737 81 de me revoir lui avait fait laisser quelques affaires indispensables

2344 2259 1773 88 qui l'appellent a Cologne ; il y rétourne demain et en révient Dimancles

2346 2329 1748 76 et la fête aura lieu comme s'il ne faisait que d'arriver, le reste étant

2346 2389 1737 80 incognits Voila le biais que nous avons trouvé et qui me fait rire ;

2344 2453 1741 104 mais à la campagne on on n'a guères d'occasion de sortir de soi-

2251 2587 310 88 dd. Clarresp. pr)
