4538 2770
360 387 1757 88 françaises a faire avec vous. J'ai aussi éte quelques jours sans rece-

357 445 1802 109 noir mes journaux. Je vous en envoye à tout hasard un paquet d'hier

385 512 1090 92 Vous y verrez le mariage de votre Nièce.

452 584 1651 106 La politique n'y a pas grand mine. Cet étalage de Maréchaux

360 650 1725 102 et d'anciens généraux qu'on fait autour du roi a un certain air

367 717 1729 97 d'avoir peur qui n'est pas rassurant et ce conjuré quis crie comme

348 794 1739 99 un fantôme ; je parlerai au Roi, je sauverai la France. Cela me

346 856 1215 92 fait l'effet d'une tragédie de Schakeaspear.

443 930 1647 97 Louise vous aura dit comme quoi nous avons accroché un

355 987 1721 97 couvist sur le grand chemin ; coute qui coute, il faut se distraire,

353 1054 1739 86 c'est la vie des français. J'en ris encore et le rire fait tant de bien.

353 1114 1760 116 sans lui ou a ce qui s'appelle la maladie du pays et se crois sérieu-

332 1195 1744 93 sement que c'est votre véritable mal qui en amène mille autres.

413 1262 1649 95 Mon héros revient au plus tard dans cinq jours. Je compte

346 1324 1755 104 les heures. J'ai fait de jolis vers sur ce retour. Quand vous me vien-

339 1391 739 74 drez voir je vous les dirai

431 1461 1622 87 A bientôt donc, Monsieur. Soignez vous, distrayez vous, et

344 1530 1258 83 n'oubliez pas vos voisins et surtout vos voisines

438 1650 1051 125 Je vous fais mille complimens d'amitié.

1364 1782 615 103 (Signé) Constance des
