4492 2771
2309.0 323.0 176.0 161.0 1166

2300.0 325.0 228.0 171.0 (de Mme la Princesse

2355.0 378.0 157.0 109.0 de Salm)

2972.0 350.0 282.0 100.0 Lettre

2840.0 494.0 954.0 108.0 A Mr Prous. (au chateau de Liedberg,

3394.0 630.0 633.0 88.0 Dyck, ce 14 Janvier, 1816.

2374.0 699.0 1669.0 123.0 Lorsque j'ai reçu votre lettre, Monsieur, j'allais envoyer chez vous

2334.0 766.0 1679.0 125.0 pour vous faire demander la Gaz ette de Liège que je n'ai pas non

2334.0 828.0 1705.0 127.0 plus depuis le premier Janvier. Tout le monde a reçu la demande de

2339.0 898.0 1718.0 134.0 faire l'abonnement, aux Bureaux frontières tant pour ce journal

2341.0 967.0 1693.0 125.0 que pour ceux de France et de Bruxelles. La Poste de Neuss sest

2348.0 1039.0 1779.0 115.0 chargée de nos abonnemens et le secrétaire (chez qui nous avons envoyé)

2341.0 1108.0 1719.0 111.0 étonné aussi de ne plus recevoir aucun de ces journaux, en a écrit

2346.0 1168.0 1700.0 129.0 à Aix il y a deux jours. Voila tout ce que je puis vous en dire. Je

2348.0 1244.0 1769.0 104.0 ne vous envoye donc rien, car je n'ai en que quelques gazettes alleman-

2355.0 1304.0 1721.0 113.0 des que vous avez sans doute, elles contiennent peu de nouvelles.

2358.0 1380.0 1702.0 104.0 Mme Lavalette sortie de prison et incommodée. Cambacères qu'on à voulu

2351.0 1440.0 1750.0 114.0 arrêter et qui a montre des lettres de naturalisation comme russe. Sur quoi

2353.0 1510.0 1714.0 113.0 il lui est venu un ordre de sortis de France à quoi il a répondu en

2348.0 1572.0 1721.0 116.0 montrant de nouveaux papiers prouvant qu'il était conseiller de la

2351.0 1641.0 1766.0 123.0 légation Russe. Ces nouvelles m'ont cependant fait rire ; mais vous

2351.0 1704.0 1706.0 122.0 les savez peut être ; les journaux de Francfort contiennent des

2353.0 1775.0 1748.0 116.0 choses assez curieuses sur l'amnistie que veulent le Roi et les minis-

2355.0 1840.0 1665.0 120.0 tres et que ne veut pas le chambre. Vous savez qu'on appelle

2353.0 1916.0 1760.0 120.0 chartreux les amateurs de la charte et les hideux ceux qui sont

2358.0 1976.0 1729.0 111.0 de l'avis de Mr Hyde de Neuville qui semble fort éxalté, enfin

2353.0 2048.0 1753.0 120.0 vous n'ignorez pas, sans doute, que les journaux parlent de la no-

2346.0 2117.0 1781.0 113.0 -minetion de Mlr de Sack comme président de la Poméranie et que

2362.0 2191.0 1718.0 113.0 Mr Jacobi est parti pour Berlin. Mr de Locquenheim qui sort

2358.0 2251.0 1725.0 106.0 d'ici vient de m'apprendre ces deux nouvelles. Voilà mon sac vide.

2429.0 2327.0 1677.0 109.0 Je vais que vous avecc aussi des personnages de différentes espèces.

2986 2336 20 47 16

2348.0 2387.0 1742.0 123.0 N'ous en gardons 3 depuis 3 jours, mais très aimable. Un colonel du

2369.0 2567.0 307.0 63.0 (Corresp : part.)
