4538 2770
452 327 1723 116 Je sis fort fachée de votre continnation et de votre continuité d'indisposition. J'ai aussi-

390 397 1769 106 consiance dans le Docteur Elfess autant que j'en puis avoir dans un médeciu, mais dieu m'a

381 461 1780 106 refiisé cette foi. Dès que je me porte un peu bien et que je remue piedonaile, je nevaux rien pour

383 526 1760 115 ces Mlessieurs, ni eux pour moi. Pourtant j'ai la certaines pillules que je prendrai certaine,

381 597 1748 100 ment quelque jour ; car j'ai des douleurs extraardinaires dans toutes les articulations.

381 662 1750 108 Vous voyez bien que vous nêtes pas le seul à vous plaindre. Preuez donc patience quis-

390 729 1736 111 que le tiers de votre mauvais temps est passé, mais n'attendez pes pourtant encore

381 798 1711 111 deux mois pour venir mue voir, ce serait aussi me mêttre au régnne et celui de l'esprit

371 870 277 69 m'est mortel.

420 925 1718 125 Je ne suis pas de votre auis pour la Gax ette Liegéoise. Je l'aime trauquille et prudeuce.

376 1006 1746 102 Je suis exrédée de bouleversements et quoiqu'il raniment dans le terrible isolement

374 1073 1752 108 pi nous sommes, je préférerai tout autre moyen, même les pillules du Docteur elffer

376 1151 1737 79 Mais je suis étonnée de ce qu'il vous donne des semences froides et je vous en fais

374 1216 1771 92 mon compliment. Cette idée me révient tout à coup avec celle des bouleversements.

415 1274 1688 94 Louise ne vous a pas trompé sur les dispositions de notre Titoul il ne fera pas

374 1338 1718 100 quartier à sa femme. Que dis- je : il la couperait au besoin par quartier. Mais il

369 1405 1771 97 parait que ces idées le tourmentent fort et le fout refléchir profondément, car il a cucore

371 1472 1758 102 trité cette matière tous ces jours ci, et le résuttat général, c'est que si ou n'est pas fort

381 1535 1741 108 I n'y a pas de sirété avec les femmes, parce qu'elles n'aiment que les hommes bien

378 1615 1735 95 forts. Or ce bienfort qui est revenu plus de vingt fois dans un duer afuni par

364 1675 1756 97 me faire rire si extraordinairement, que dans cette maison où ou ne rit guères c'a

376 1740 1088 95 ité la nouvelle in jour. Voila notre histoire.

429 1812 1702 92 de Cholhier dont vous parlez, n'appartient pas au Chohhier que j'euconnais 2)

364 1883 1742 83 Je vous fais du reste mon compliment sur cette acquisition de votre beaufrère et

364 1948 1742 101 sur le prochain établissement de votre Nièce. L'idée d'une famille, bienqu'on ne

367 2015 1254 97 vive pas avec elle, a je ne sais quoi de trauquillisant.

427 2077 1695 115 Je connais votre Landratte et le notre. le nous sera un voincage. Il ny a

353 2153 1783 102 pastres longtemps que Mr de Merhhen est venu nous voir il est fort bien et me

351 2220 1787 106 puraissait fort desirer la campagne, il ne sait pas ce qu'en vaut l'auve, comme

364 2292 1753 99 on dit, Mr Ropp a grande raison de se teuir en ville. Ilfaut vivre avec

360 2363 1762 99 les hommes et aussi avec les femnos. En tout l'isolement absolu est une

2348 348 1741 95 épouvantable chose, et je n'en ai pas dit moitie dans mon lpitre sur

2344 436 360 57 la Campaque.

2346 547 1757 80 rirons et cela fait grand bieu. J'aurai été a Liedberg si mon oreille

2406 487 1640 78 Adieu ou a revoir, Monsieur, portez vous mieux et vevez, nous

2339 611 1753 99 ne m'avait fait encore fort souffrir depuis deux jours. Je voulais me

2341 683 758 94 distraire et m'amuser ; mais :

2683 805 1014 104 Je n'entends. plus de cette oreille là

2390 948 1108 86 Triste chose : leci me rappelle ma chanson.

2702 1080 517 99 Amitié et lstime

3510 1142 559 102 (Signé) Constance de Salm

353 2465 480 85 c notre receveur en chef.

341 2525 795 92 (2) le régent de la Relgique en 1831.

2330 1306 108 88 1816

2290 1290 315 201 (de Mme la Pricesse

2394 1368 171 109 (de Salm)

3059 1244 335 129 Lettre

2960 1394 922 117 A Mr Prones (au château de Liedberg)

3572 1551 513 94 Dyck, ce 17 Mai, 1816.

2385 1620 1658 92 Comment se porte Mr Prous ? oublie til tout a fait ses vaisins ?

2392 1685 1734 87 La chère Louise est elle revenue ? aurai-je le plaisir de la voir ? ces Dances

2353 1763 907 76 ne peuvent elles pas veuir Dimanche ?

2399 1823 1700 92 A tou des nouvelles des agréables projêts de Crèveld pour Dych.

2406 1897 1713 83 Mr Prous n'a-t il pas oublié mes certains cartons dont j'ai grand

2353 1955 1753 104 besoin? Je donverai un modèle s'il le faut Les deux en question étaient

2350 2033 977 90 de carton trop mince et ils se déjettent.

2401 2082 1682 115 Enfin que dit il de notre pauvre patrie 2 h les secousses luifont du

2353 2165 1743 97 bieu, il doit commencer à se guerir. Dieu sait où tout cela va s'arrêter

2357 2234 1751 95 car nous ne savons pas bien ce qui la concerne, et puisque les journaux

2353 2306 1743 90 de Paris avonent des troubles, des entreprises, et 12000 hommes, ou pent

2353 2377 1757 81 penser beaucoup plus. Je suis saive de ces idées et je voudrais que tout

2357 2444 1749 90 ce qui m'intèresse fut avec moi dans la poix et l'ennui de Dyck. Lue nous

2249 2543 65 76 95

2364 2555 245 81 (Carriesp: p.)
