4657 2714
590 325 106 70 1820

565 325 310 147 (de Mme la Princesse

637 334 199 140 dela Srin)

1309 325 260 104 Lettre

1169 459 920 117 A Mr Prons (au chateau de Liedberg)

1768 624 516 65 Dyck, ce 4 mai, 1820.

649 689 1696 95 Je suis fachée de ce que vous vous êtes roidi contre Dumont. Vous y

608 759 1730 98 avez perdu du plaisir. Il faut se laissen faire en lisant comme en

615 823 1766 97 faisant autre chose ; sans quoi, on ne croirait plus à rien dans le monde

615 891 1750 95 et puis je suis de ces bonnes ames qui ne savent plus douter quand un

612 956 1774 100 homme dit : J'ai vu- j'ai dit-enfin ce Dumont m'a presque autant

612 1040 751 86 touchée que la Rrarhe blene.

669 1087 1721 111 Il n'y a pas de maladie qui tienne il faut que vous veniez pendant

617 1162 1769 97 le sejour de nos amis Hompesch ici, ils y seront encore Dimanche. Ma

608 1232 1208 84 santé se remet. Mais que Louise est changée !

674 1289 1748 106 J'ai compris toutes vos sensations pour charmante. Je m'en promets

626 1354 1762 95 bien du plaisir, quoi que dns le fait ce ne sait que de l'eau claire. Ma

617 1427 1457 95 fille marche sun mes traces, quaiqu'elleres'en vante pas

694 1488 1617 92 Elle invite ces Dames pour samedi et Dimanche, il y aura

624 1558 1698 104 Vhist permanend de nous tous, et vous aussi entendez vous. En

621 1626 1552 104 vous choiera j'ai encore de la tisane et un tas de drogues.

796 1689 1178 99 Mille amitiés des meilleures et de tout Dyck.

1506 1750 653 102 (Signé) Constance de Salm.
