4505 2879
403 218 1430 110 améliorer mon sort pour mon peu d'existance.

511 292 1831 127 Le marchand de musique m'a demandé les changements des

388 388 1937 125 paroles de Sapho afin d'en faire imprimer la partition le plus

388 472 1311 122 tôt possible : on corrige déjà la musique.

571 566 1773 110 J'ai vu ces jours-ci plusieurs personnes qui vous ont trou-

376 647 1949 113 -vée très bien portante. Soutenez votre bonne santé et votre

386 734 1934 115 belle mine pour un bon appétit et un bon sommeil, ce que je

391 827 1917 106 vous souhaite ainsi que le ventre libre et les pieds chauds.

393 906 1961 113 je souhaite les mêmes agréments à Mr. le Compte et à Melle.

412 978 380 116 Clémentine.

568 1153 586 128 Ce 8 Janvier 1811.

1368 1125 777 160 (Signé.) Martini.

3031 299 811 140 Lettre de Martini.

2856 508 340 96 Madame,

2625 676 1651 115 En vous promettant hier d'aller vous voir aujourd'hui

2385 762 1937 113 j'avais oublié que j'étais engagé et attendu à diner chez Mdes.

2380 863 1889 99 Boileau et Richard. Faites-moi savoir, je vous prie, ce que

2376 945 1922 96 vous ferez demain, si vous restez chez vous, et si vous dinez

2380 1029 1865 110 chez vous je me dégagerai du diner de Mr. Riegal, j'envoie

2373 1115 1791 113 par la même occasion la Cantate à Melle. Olympe. ‒

2404 1199 600 108 Toujours le même.

2580 1338 196 118 Ce 18.

3264 1348 945 137 (Signé.) Martini.
