4796 2669
627 338 1724 104 beauté, mais non comme talent ; une lettre de Mme. de Staël le dit ainsi.

629 411 1713 98 La fuite de cette belle Princesse a fort embarrassé le théatre français,

622 475 1693 107 surtout dans un moment où Melle Duchesnoy était malade ; mais

625 542 1717 103 tout va se réparer, la santé de celle-ci se rétablit, et 5 ou 6 débu-

622 607 1733 113 tantes se présentent. Quelle joie pour le public ! quelle pâture pour les

625 685 1641 111 journalistes ! La petite femme de Laya est accouchée d'une fille.

607 747 1748 124 Voilà, Madame, tout ce que je sais ; j'espère que vous me previendrez

640 831 1693 92 précisement du jour et du temps où vous comptez revenir ; j'en

625 896 1697 98 ferai part à nos amis du fg St. Germain. Mme. Bacre se porte

620 960 1717 94 bien ainsi que son mari. Lagrenée a été malade ; mais il va mieux ;

622 1023 1675 97 je suis chargée de leurs amitiés à tous sans oublier Melle. Henocq.

611 1087 1738 109 Quant à moi et à ma famille, je n'ai pas beosin de vous dire combien

620 1158 1301 85 nous vous aimons, et combien nous vous désirons.

671 1212 1658 120 Mille choses aimables, je vous prie, pour Mr. de Salm, de la part

605 1281 843 122 du ménage. Je vous embrasse.

1630 1365 516 136 Signé : C. Talma.

729 1541 1615 111 Ne me voilà-t-il pas en querelle avec ma femme pour cette

625 1614 1717 107 maudite lettre ; il est vrai qu'en partant pour la campagne elle m'avait

622 1681 1724 118 chargé de la mettre à la poste, et que je l'ai gardée pendant 15 jours

607 1750 1744 107 dans ma poche. Heureusement qu'elle m'en a demandé des nouvelles ;

616 1830 1733 93 car je crois que j'aurais fini par vous la porter à votre retour, rue

605 1892 1728 100 des Mathurins. Ainsi, comme j'espère qu'elle partira, je ne sais pas

622 1963 1411 96 trop quelle raison elle a de m'accuser de négligence.

716 2030 1635 94 Je ne me souviens pas de ce qui m'a empêché d'aller diner chez

611 2088 1735 102 vous, Madame, l'avant-veille de votre départ. Il faut qu'on m'ait

629 2157 1715 100 fait violence chez Allart ; mais je me rappelle très bien que je de-

613 2221 1727 101 vais avoir le plaisir de vous voir le soir, que le temps s'est écoulé

625 2290 1719 92 en bavardage, et que j'aurais couru risque de vous trouver au lit.

640 2350 1713 116 J'aurais tenté l'aventure sans Mr. de Salm, que j'aurais trouvé là,

2431 338 1755 115 et je n'aime pas le bruit. Tout est changé depuis que ma femme

2438 411 1706 107 vous a écrit. l'Empereur ne revient que pour le 15 Août, et on

2435 482 1698 109 nous laisse partir. Je compte rouler mes pas majestueux vers

2438 538 1746 111 les murs de Metz et ceux de Strasbourg. Si nous pouvions faire un

2433 604 1762 125 saut jusqu'à Dyck ! mais le temps nous manque ; d'ailleurs tout cela

2435 687 1718 115 peut changer encore ; ainsi nous partirons ou ne partirons pas. Vous

2442 742 1700 138 voyez que voilà une vie bien reglée, et ma femme qui se plaint.

2486 811 1702 127 Rien absolument rien de nouveau à Paris, que la fuite de Melle.

2435 887 1729 109 Georges, et encore on n'en parle plus. Elle va exercer à Petersbourg

2431 958 1735 109 les petits talents que la nature lui a départis. Nous avons une pe-

2438 1023 1697 113 tite débutante, haute comme ma botte, qui la remplace ; mais qui

2442 1083 1720 122 véritablement montre de très heureuses dispositions, et donc j'espère

2433 1176 254 131 beaucoup.

2440 1287 1704 107 Tous ceux qui vous aiment se portent bien, malgré que vous soyez

2482 1221 1684 133 loin d'eux. Langlès vient de perdre son père, et le voilà un des

2440 1347 1728 136 plus grands et des plus forts membres de l'Académie de Göttingue.

2446 1423 1342 109 Vous avez dû apprendre cette nouvelle par les papiers.

2498 1483 1646 111 Adieu, Madame, si je ne partais à l'instant pour mes terres,

2444 1550 1740 127 je vous écrirais bien quelques bêtises si j'en étais capable ; mais on

2449 1608 1708 124 m'attend et il faut vous quitter. Mes amitiés, je vous prie, à Mr. $

2440 1681 1748 125 de Salm, et croyez, je vous prie, à mon attachement le plus invaria-

2444 1770 596 100 ble pour tous deux. ‒

2493 1894 647 127 ce 5 Juillet, 1806. ‒
