4796 2669
2460 295 149 154 1806

2460 295 233 198 (de Mme. Talma)

3058 349 296 129 Lettre

2922 449 661 120 À Mme. la Pesse. de Salm.

3568 569 565 116 Paris, ce 20 Juin, 1806.

2640 720 1564 125 Que vous êtes aimables, Madame, de m'avoir écrit la première, et sur-

2475 780 1722 145 tout de ne pas m'en vouloir de la négligence apparente que j'ai eue avant votre

2473 851 1760 138 départ. Il est vrai que vous seriez plus coupable que moi si vous m'accusiez d'indif-

2475 923 1718 120 férence, et ce serait la 1ère. fois que nous ne nous serions pas entendues : je n'ai

2480 983 1730 131 donc pas besoin de vous dire que mon devoir m'a emêchée de vous aller dire adieu

2484 1054 1691 127 le jour que vous m'aviez indiqué ; le journal du matin a dû vous l'annoncer,

2486 1114 1704 144 et je n'ai pu trouver un moment que lorsqu'il n'était plus temps. Jugez de

2486 1181 1731 129 ma contrariété. Quant à mon mari, il a, dit-il, de très bonnes raisons ; je lui

2478 1252 1701 122 laisse le soin de se justifier, et le plaisir de se racommoder. Vous êtes bien

2482 1316 1673 125 heureuse de pouvoir disposer de votre temps, et le partager comme il vous

2486 1381 1716 126 convient, de ne dépendre que de vous. Moi je dépends du public ce qui me

2491 1450 1751 126 fait, dans ce moment, mener la vie que je déteste le plus. Mon mari, comme

2480 1521 1757 118 vous savez, aime la compagne à la rage, et je suis obligée d'être sans cesse

2491 1583 1728 116 sur la grande route. Je suis à Paris et à la campagne, sans être établie

2491 1652 1715 116 nulle part, hors de mes habitudes, très agitée sans être amusée. Il nous faut

2495 1721 1700 113 à nous autres femmes beaucoup de résignation ; il m'en faut encore pour

2489 1783 1706 129 prendre mon parti sur le refus qu'on nous a fait de nous donner un congé

2495 1852 1724 125 cette année ; j'avais une envie extrême de voyager, moi et ma bourse nous

2498 1930 1688 116 en avions besoin. Quelle joie n'aurais-je pas eue si j'avais pu diriger

2500 1988 1684 122 ma route de façon à vous aller surprendre ; il y aurait pour moi un

2489 2061 1753 109 grand charme à me trouver dans un nouveau lieu avec mon ancienne

2480 2130 1561 111 amie ; mais l'Empereur revient, dit-on, il faut y renoncer.

2567 2190 1601 114 Je cherche si, pour vous divertir, je n'ai pas quelques nouvelles.

2495 2246 1700 124 Melle. Geaorges est passée en Russie, comme vous le savez sans doute ;

2498 2315 1768 131 elle s'est arrêtée à Vienne où elle a fait une très grande sensation comme
