4706 2735
467 346 1712 102 On voit au moins par là que Montaigne nous en accorde plus que Mr.

465 403 1707 102 xxx ne l'avait fait entendre. Ce qu'il dit de Labruyère mérite

456 467 1730 121 encore une explication particulière. " On regarde une femme savante

453 533 1740 123 dit Labruyère & & c : et Labruyère a raison. Ce qu'on appelle fem-

458 601 1723 119 me savante est sinonime d'homme pédant, et ces deux fléaux de

460 660 1721 128 société sont également et réciproquement la honte d'un sexe et

451 740 565 80 l'ennui de l'autre.

535 804 1633 121 Mais il en est des femmes qui ne sont pas entichées de cette ridi-

451 870 1705 119 cule manie, il en est des femmes qui seules, dans le silence de leur

456 945 1730 112 maison, donnent aux lettres et à la méditation des moments inutiles

451 1002 1687 112 à leurs enfants, à leurs époux ; moments que tant d'autres em-

449 1068 1694 121 ployent d'une manière souvent futile, et quelquefois ####cieuse.

446 1135 1708 118 Il en est qui, entourées d'un petit nombre d'amis qu'elles n'étour-

433 1198 1767 112 dissent pas de leurs vers, répandent dans leur intérieur ce charme

444 1264 1728 121 toujours attaché à la culture des beaux arts ; il en est enfin qui

442 1337 1749 105 se disent avec un saint enthousiasme : Quand la mort m'enlevera

442 1406 1696 98 aux êtres qui m'attachent à la vie, ils me retrouveront dans

446 1488 1690 93 mes ouvrages, et longtemps après moi une larme coulera sur

440 1549 1621 96 la page qui leur rapperlera celle qu'ils auront perdue.

544 1638 1585 85 O, femmes ! qui sentez en vous ce noble désir qui m'anime,

442 1672 1710 117 c'est à vous que je m'adresse. Conciliez vos devoirs et vos plai-

433 1743 1737 123 sirs, reprenez la plume que la critique avait peut-être fait

442 1821 1708 116 tomber de vos mains, et écrivez pour vous, pour vos amis, pour

437 1878 500 107 la postérité. ‒

519 2003 465 102 ce 6 Messidor.
