4796 2668
553 389 1723 93 cette scène, et ma renommée littéraire, et les malheurs de mon

555 458 1715 88 ménage, qui étaient connus, inspirèrent dans ce moment un si

558 520 1725 93 vif intérêt au public que les sifflets et les hués de levèrent de

555 591 1739 98 toutes parts et que quelques militaires parus sur le théâtre

560 664 1741 87 comme pour mettre l'ordre, tout le parterre traversant l'orchestre

562 724 1732 103 s'y élança à l'instant, que l'on tira des sabres et qu'il y eut une

558 795 1734 101 espèce de mée fort effrayante pour les spectateurs, ce qui me

555 869 1741 91 décida à me retirer sur le champs avec ma société. J'entendais

555 936 1739 91 dire en descndant : c'est affreux, c'est abominable, oser attaquer

555 1007 1724 91 une femme, une femme honnête, une femme à talent, une

560 1073 1730 94 femme malheureuse dans son ménage : enfin si je fus imitée

560 1140 1736 87 contre Picard au delà de ce que l'on peut dire, je jouis au moins

562 1202 1730 100 et dans toute sa plénitude de l'estime publique ; et cette circons-

564 1271 1737 96 tance de ma vie quelqu'étrange qu'elle soit, n'est pas celle dont

558 1347 1100 82 le souvenir m'est le point agréable.

671 1396 1639 102 Le lendemain à mon réveil je reçus dix journaux qui tous

566 1454 1733 115 tonnaient contre Picard, mais sans me nommer par délicatesse.

569 1529 1710 100 Je demeurais dans une maison voisine de la sienne, emportée

571 1596 1734 104 par mon indignation, je résolus d'aller à l'instant chez lui avec

569 1663 1736 100 ces journaux, je les lui jetais prequ'à la tête, et je lui dis : lisez

562 1740 1739 80 Monsieur, on vous rend justice ; voilà donc comme vous êtes un

571 1796 1739 102 honnête homme, je viens vous dire, moi qui suis plus loyale que

569 1876 1730 84 vous, que je vais envoyer à tous ces journaux la première lettre

573 1929 1730 109 que vous m'avez écrite. J'ai oublié de dire que dans cette lettre

575 1998 1697 98 Picard faisait une grande sortie en belles phrases contre les

573 2067 1710 102 journalistes qui ne manqueraient pas, disait-il, de faire de

578 2134 1705 96 méchantes et ridicules allusions s'il y donnait la moindre

578 2201 1712 104 prise, ce qu'il éviterait avec soin, en changeant entièrement

573 2276 532 82 le role en question.

671 2294 1623 133 Les hommes faux, si effrontés qu'ils soient, perdent tout

580 2372 1701 135 espèce d'énergie quand ils se voient subitement dévoilés. L'effet

2432 364 1714 109 de la foudre n'est pas plus prompt que celui que produidit sur

2436 417 1748 116 Picard la ménace d'envoyer sa lettre aux journalistes. Il me

2434 484 1703 120 conjura presqu'à genoux de n'en rien faire, de retrancher au

2436 558 1715 109 moins la phrase où il parlait d'eux ; il me donna sa parole

2436 626 1739 112 d'honneur qu'il retirerait le rôle tout entier. Une femme qui,

2439 689 1689 120 je crois, était la sienne, me faisait la même promesse et les

2443 762 1737 113 mêmes prières : enfin je me laissai fléchir, non positivement

2434 827 1723 115 pour céder à ce qu'il désirait ; mais parcequ'en publiant cette

2439 893 1703 120 lettre, je montrais clairement à tout le public que c'était moi

2439 969 1721 102 qu'on avait voulu désigner, et que les journaux ne m'ayant

2439 1031 1709 107 pas nommée par délicatesse, comme je l'ai dit, c'était en

2443 1098 1748 115 quelque sorte faire une nouvelle esclandre et qui avait quel-

2439 1193 571 80 ques inconvéniens.

2448 1305 1729 95 Je promis donc de tout suspendre pour le moment. Eh bien !

2543 1227 1654 115 on aura peine à le croire, le soir même ou joua l'ouvrage et

2450 1369 1723 93 le role y était encore, et sans qu'il parut y avoir aucun chan-

2454 1427 1741 113 gement ; mais cette fois les huées furent si violentes, si persévé-

2452 1496 1730 104 rentes, et les observations si offensantes pour Picard que la pièce

2450 1565 1732 111 fut interrompue, et qu'elle ne put être continuée que quand on

2452 1631 1721 116 eut passé entièrement la scène ; enfin le role n'y reparut plus

2454 1716 752 93 après cette dernière épreuve.

2539 1763 1681 113 Je n'avais pas assisté à cette représentation ; mais lorsque j'eu

2454 1836 1681 100 appris résultat, ma juste colère me fit écrire à Picard quelques

2448 1898 1732 118 billets dont j'ai déjà parlé, et dont j'ai depuis retrouvé des copies

2448 1963 1743 120 jointes à ses réponses, (elles font partie de mes deux copies de lettres)

2454 2034 1734 109 ils n'apprendront rien que ce que l'on vient de lire ; car ils n'ont

2450 2098 1736 111 que quelques lignes. On y verra pourtant de mon côté l'indigna-

2454 2165 1737 113 tion que j'éprouvais alors, et de sien l'embarras et la bassesse

2450 2236 1594 105 qui devaient résulter d'une action que je puis dire infâme.

2512 2287 1690 116 Depuis ce temps le caractère de Picard s'est manifesté dans d'autres

2465 2374 1723 96 occasions, et avec ses meilleurs amis. Andrieux même, son intime
