4657 2714
590 325 106 70 1820

565 325 310 147 (de Mme la Princesse

637 334 199 140 de Salm)

1309 325 260 104 Lettre

1169 459 920 117 A Mr Prons (au château de Liedberg)

1768 624 516 65 Dyck, ce 4 Mai, 1820.

649 689 1696 95 Je suis fâchée de ce que vous vous êtes roidi contre Dumont. Vous y

608 759 1730 98 avez perdu du plaisir. Il faut se laisser faire en lisant comme en

615 823 1766 97 faisant autre chose, sans quoi, on ne croirait plus a rien dans le monde

615 891 1750 95 et puis je suis de ces bonnes âmes qui ne savent plus douter quand un

612 956 1774 100 homme dit : J'ai vu - j'ai dit - enfin ce Dumont m'a presque autant

612 1040 751 86 touchée que la Barbe bleue.

669 1087 1721 111 Il n'y a pas de maladie qui tienne il faut que vous veniez pendant

617 1162 1769 97 le séjour ce nos amis Hompesch ici ; il y seront encore Dimanche. Ma

608 1232 1208 84 santé se remet, mais que Louise est changée !

674 1289 1748 106 J'ai compris toutes vos sensations pour charmante. Je m'en promet

626 1354 1762 95 bien du plaisir, quoique dans le fait ce ne soit que de l'eau claire, ma

617 1427 1457 95 fille marche sur mes traces, quoiqu'elle ne s'en vante pas

694 1488 1617 92 Elle invite ces Dames pour samedi et Dimanche, il y aura

624 1558 1698 104 whist permanent de nous tous, et vous aussi entendez vous. On

621 1626 1552 104 vous choiera j'ai encore de la tisane et un tas de drogues.

796 1689 1178 99 Mille amitiés des meilleures et de tout Dyck.

1506 1750 653 102 (Signé) Constance de Salm.

610 1893 116 83 1820

583 1904 276 147 (de Mme la Baronne

646 1963 202 99 de Francq)

1305 1847 287 118 Lettre

1178 2008 948 108 A Mr Prons au château de Liedberg)

1917 2164 469 86 Dyck, ce Mai, 1820.

698 2241 1683 97 Maman qui est toujours fort enrhumée me charge de vous écrire

626 2309 1744 99 de sa part, Monsieur, que le comte et la comtesse de Hompesch doivent

635 2386 1742 88 venir aujourd'hui et passeront quelques jours avec nous. Elle dit que

2515 336 1721 93 vous seriez bien aimable d'amener demain la famille Kopp et de

2515 402 1671 104 passer ici la journée, on fera le fameux whist, et si ces dames

2515 477 1363 90 veulent rester à coucher leur chambre est prête.

2555 540 1708 88 Maman nous prie de remettre le journal des modes et le conser-

2515 601 1723 91 vateur (qui parlent de son épitre) au porteur de cette lettre. Vous

2519 673 1755 100 pouvez garder le journal de Paris. Elle veut faire lire ces journaux

2533 744 633 79 au Comte de Hompesch.

2614 805 1683 86 Vous n'éviterez pas notre visite, et s'il le faut, nous emporte-

2524 882 1728 79 rons une échelle dans la voiture, préparez vous donc à nous voir

2530 961 419 65 un de ces jours.

2614 1008 1629 93 A revoir, Monsieur. Nous vous prions de recevoir les assu-

2524 1076 1710 91 rances d'estime bien sincère de tout la famille et particulière-

2512 1153 552 84 ment du secrétaire.

2641 1214 663 81 Mille choses à ces Dames

3370 1257 787 113 (Signé) Cl Bne de Francq.

2553 1415 1683 82 Maman gardant la charmante qui est ici en ce moment, je prie

2530 1483 1699 75 instamment Mme Lenders de vouloir bien m'en procurer une

2517 1551 1698 81 semblable de deux écus 40c et une plus grande comme nous vous

2521 1617 1722 92 l'avons expliqué. Chacune de ces charmantes doit être dans une boîte.

2517 1689 504 81 et avoir deux lits.

2499 1777 151 170 1820

2474 1782 287 163 de Mme la Princess

2560 1838 151 109 de Salm)

3261 1773 312 115 Lettre

3103 1920 943 115 A Mr Prons (au château de de Liedberg)

3727 2082 448 82 Dyck, ce Mai, 1820.

2546 2159 1620 86 Dites moi, Monsieur, ce que vous devenez ; dites moi aussi que vous

2519 2232 1710 79 viendrez demain avec ces Dames et Mr Kopp. Je m'ennuie fort de ne

2521 2297 1717 80 pas vous voir tous. Nous avons notre jardinier anglais qui est un

2512 2361 1751 92 homme fort intéressant même pour la conversation. Il nous fait mille
