4667 2713
2543 300 2641 357 181
2518 302 2787 427 (dire Safme)
2593 321 2738 431 L8ee
3228 291 3516 397 Lettre
3041 447 4024 558 A Mr Prouch da chahau de Liederg)
3746 596 4221 689 Dytr cS7 alletme
2627 671 4291 759 P'envie des Mme de Dorll, mou chez voisin, el je veut vous dre
2559 746 4244 818 un mot en passant. le m'ennaye de toutes faions de ne point entenère
2559 811 4291 888 partrs de vous bous savez qu nois avons la famille de onpusil que
2568 870 4300 963 nous avez magrué la dirnère fois. Vanez dom, il restont juis qu'a laidr
2566 945 4266 1024 Cgagez ouss la tant à venir demain. Mon mari et le lomte vont à
2566 1010 4300 1098 auss ldoif, lousqu'au duers vous serous en femmes, si vous l'hen
2566 1078 4325 1159 pagez, ce serai bin le cas. Vous sanez comme un homme est bion ar
2566 1137 4302 1229 à'on vrade fommies, entre airenre est l'Nbilz jounprsinair l out
3631 1132 3733 1184 ou) 2)
2566 1211 4293 1297 l chère et aimable famile pouvait être des potre, ce jour le igé
2570 1286 4273 1365 pendamment des autres courses, ce seraitr une chon fort agréable
2566 1345 4259 1431 jous voila bien au fit en tous points ; parlez, repondes, venes. lu
2557 1417 4171 1485 pous partera aulsi de vos chers neveu et Miéce. La tomtese de
2568 1478 4212 1557 Réompest revent du pas de Liège ; elle sait tous leurs désardres
2566 1550 2801 1623 daftaines
2622 1609 4271 1693 Aden, e revir, je n'an puis peis les pibiles me trent, er
2561 1679 4239 1765 atondont q'elles me rétal aent. Je vous quille aver une gresse
2555 1745 3414 1833 aime, cele est bien pen prélione
2616 1813 3633 1892 Mille amitié à vous et autour de vous
3595 1948 4239 2032 (Signé) Cons tance de Salm.
2591 2077 4282 2181 Vous andl l pelit Mranome de locgenghiur est mort presqurs
2550 2156 4264 2240 pobiemont hier la paunre mere est bien triste. la fle amée est
2561 2222 4302 2303 ausi denme malade de sais ssement d'est une vrai douleuri dues
2555 2281 2984 2364 (te digne famelle
2482 2448 2552 2534 18
