4657 2713
497 289 610 382 L8em
454 293 780 461 (eresle)
542 289 716 454 186
567 669 2248 759 On vous rgcelle fort. len drn chercser Louse à mior et sa
506 730 2266 838 maman ni ele le peut il on vous atteadre à la fu de la ravane
560 802 1404 895 (u aura le tomte de Sonpesis.
574 888 1639 967 den fait ses compliments à M Pite.
576 947 1770 1037 Mulle amitiés à vous àe a trote la mavon.
1610 1010 2202 1105 (Siné) Corstcane de Salm.
1246 309 1596 427 Lettre
1126 454 2146 565 A Mr Mr Prious Cau chataeu de Lebier)
1813 601 2254 682 (yck, ce tout 182.
2101 1053 2288 1241 1823
2433 266 2564 427 18
2395 253 2659 418 ( rrm)
2490 321 2630 427 de Salm
2499 648 4197 743 Il y a bien louteups, Monvaier, que je prapele de vous évrires
2460 716 4206 807 mais la maladie de mon gendre vous met dans des atarnmes si
2456 775 4197 879 contimelles que cela et la présence à ma fille et de ses enffans
2451 845 4184 935 me prend tout le temps que je doienerais à mes amis. Pur
2463 917 4209 1006 commencer parle plus triste ce vous dirai même que je doute que
2472 976 4234 1078 ce brane homme se rétablisse ranais, tout ce qu'on peut espeden-
2465 1035 4211 1148 c'est qu'il retournera à Paris dans le mois de Mre comme
2440 1114 4225 1216 ses aflaires l'éxgent, mais il y à des instans ou on n'ase le voire
2456 1186 4197 1286 Ja maladue est vae consomphion auoupaguée de daulaurs
2463 1250 4220 1351 d'enitrailles aux quelles les médecins ne comnessent rier ; apres
2465 1306 4206 1413 evoir subu les remedes de ceux de Paris, il est venr fairela
2449 1372 4184 1483 même chose cci. Il a en eut una foi aveugla qui fait faitre
2463 1444 4209 1546 et vor l'aquelle il est m posible de lu faire entrdre raison
2460 1514 4172 1621 à aifsu j'ai toupours en emmie de crome qu'ulravait une
2472 1582 4215 1679 dertinéz et le crois dans àe momant que la destinez de le dane
2472 1643 4236 1743 homme est de sater sa fin par son ageng le ment. Mable
2460 1700 4236 1815 voit tout cela sans le bien jiaer par l'habitude ou elest
2741 1781 2895 1833 (Scon, 1a 824.
2467 1774 4254 1885 L dl'antendre se ploudre depuis le mois.  tass se soten denvait
2465 1851 4161 1944 se termmier ui, je ne sais en vérité ou j'en serais.. Il me
2469 1912 4243 2018 sembla quu ce conppséerait bien plais terrible e qu'a Paris dant
2469 1991 4211 2091 me vle el ue drionde ville on s sent romme utouré de
2478 2059 4240 2152 consolations anolonctaires ; mais àla Canvaque il fart être
2469 2120 4247 2224 Nanigé de ffases de touter las douleurs et de dont de tristes mment
2476 2183 4161 2294 à à paber. Caifin nous vous au jour le jour avéec les trisles
2478 2256 4222 2358 perges dous je sais fachée de vous entre enr dous savez qu'il et
2481 2324 4184 2437 Vobrule de ne sar parler de ce p'un à toasours omast ls geut;-
3128 375 3444 406 (tr
2926 425 3514 544 A M Sana
3621 565 4213 653 Dgck, ce 24 Puiltet, 18.
4177 2441 4410 2661 18
