<?xml version="1.0" encoding="UTF-8"?>
<alto xmlns:xsi="http://www.w3.org/2001/XMLSchema-instance"
      xmlns="http://www.loc.gov/standards/alto/ns-v4#"
      xsi:schemaLocation="http://www.loc.gov/standards/alto/ns-v4# http://www.loc.gov/standards/alto/v4/alto-4-2.xsd">
  <Description>
    <MeasurementUnit>pixel</MeasurementUnit>
    <sourceImageInformation>
      <fileName>CdS02_Konv002-02_0064.jpg</fileName>
      
    </sourceImageInformation>
  </Description>
  
  <Tags>
    <OtherTag ID="BT1" LABEL="Title" DESCRIPTION="block type Title"/><OtherTag ID="BT2" LABEL="MainZone" DESCRIPTION="block type Main"/><OtherTag ID="BT6" LABEL="CustomLine:signature" DESCRIPTION="block type Signature"/><OtherTag ID="BT7" LABEL="Letterhead" DESCRIPTION="block type Letterhead"/><OtherTag ID="BT8" LABEL="NumberingZone" DESCRIPTION="block type Numbering"/><OtherTag ID="BT9" LABEL="CustomLine:salute" DESCRIPTION="block type Salute"/><OtherTag ID="BT10" LABEL="CustomLine:dateline" DESCRIPTION="block type Dateline"/><OtherTag ID="BT11" LABEL="Additions" DESCRIPTION="block type Additions"/><OtherTag ID="BT12" LABEL="Note" DESCRIPTION="block type Note"/><OtherTag ID="BT13" LABEL="CustomLine:postscript" DESCRIPTION="block type Postscript"/>
    <OtherTag ID="LT1" LABEL="DefaultLine" DESCRIPTION="line type Main"/><OtherTag ID="LT3" LABEL="InterlinearLine" DESCRIPTION="line type Correction"/><OtherTag ID="LT5" LABEL="CustomLine:verse" DESCRIPTION="line type Verse"/>
  </Tags>
  
  <Layout>
    <Page WIDTH="4556"
          HEIGHT="2741"
          PHYSICAL_IMG_NR="0"
          ID="eSc_dummypage_">
      <PrintSpace HPOS="0"
                  VPOS="0"
                  WIDTH="4556"
                  HEIGHT="2741">
        
        <TextBlock HPOS="283"
                   VPOS="264"
                   WIDTH="372"
                   HEIGHT="172"
                   ID="eSc_textblock_194025cf"
                   TAGREFS="BT7">
          <Shape><Polygon POINTS="338 292 420 264 510 272 646 283 655 354 582 418 283 436"/></Shape>
          
          
          <TextLine ID="eSc_line_01074803"
                    
                    BASELINE="350 352 350 349 369 339 437 330 440 327" 
                    HPOS="326"
                    VPOS="267"
                    WIDTH="117"
                    HEIGHT="107">
            <Shape><Polygon POINTS="349 351 326 310 422 267 438 326 443 360 351 374"/></Shape>
	    <String CONTENT="1816"
                    HPOS="326"
                    VPOS="267"
                    WIDTH="117"
                    HEIGHT="107"></String>
          </TextLine>

          
          
          <TextLine ID="eSc_line_51d044e8"
                    
                    BASELINE="302 423 302 426 321 413 357 397 366 397 379 388 427 378 504 349 520 349 523 339 539 339 552 330 565 330 616 304" 
                    HPOS="292"
                    VPOS="267"
                    WIDTH="340"
                    HEIGHT="194">
            <Shape><Polygon POINTS="301 422 292 374 436 333 440 322 445 315 445 312 445 312 447 312 447 310 447 310 450 310 450 310 514 283 514 283 516 283 516 283 518 283 518 283 518 283 520 283 520 283 534 287 541 292 596 267 614 303 632 365 619 363 614 372 607 383 607 383 605 383 605 386 605 386 603 386 603 386 550 406 550 406 548 406 548 406 546 406 546 406 546 406 543 406 543 406 530 399 518 418 518 418 516 418 516 420 516 420 514 420 514 420 514 420 511 420 511 420 434 427 399 427 315 461"/></Shape>
	    <String CONTENT="(de Mme la Princesse"
                    HPOS="292"
                    VPOS="267"
                    WIDTH="340"
                    HEIGHT="194"></String>
          </TextLine>

          
          
          <TextLine ID="eSc_line_8cd821ec"
                    
                    BASELINE="406 410 584 379" 
                    HPOS="390"
                    VPOS="290"
                    WIDTH="192"
                    HEIGHT="139">
            <Shape><Polygon POINTS="404 408 390 344 436 335 445 326 479 292 479 290 479 290 479 290 482 290 482 290 484 290 484 290 484 290 486 290 566 292 582 376 582 406 523 404 498 418 488 424 486 424 486 424 484 424 484 424 484 424 404 429"/></Shape>
	    <String CONTENT="de Salm)"
                    HPOS="390"
                    VPOS="290"
                    WIDTH="192"
                    HEIGHT="139"></String>
          </TextLine>

          
        </TextBlock>
        
        <TextBlock HPOS="329"
                   VPOS="678"
                   WIDTH="1834"
                   HEIGHT="1941"
                   ID="eSc_textblock_515c233f"
                   TAGREFS="BT2">
          <Shape><Polygon POINTS="2127 838 2072 995 2108 1295 2072 1386 2136 1633 2090 1699 2063 1879 2072 1934 2163 1991 2090 2302 2126 2444 2056 2444 2056 2619 1316 2619 1240 2546 1131 2537 639 2546 635 2550 338 2550 329 740 405 678 1592 678 1592 704 2121 704"/></Shape>
          
          
          <TextLine ID="eSc_line_4476651c"
                    
                    BASELINE="402 730 1025 726 2067 751" 
                    HPOS="397"
                    VPOS="664"
                    WIDTH="1670"
                    HEIGHT="103">
            <Shape><Polygon POINTS="402 730 397 676 463 664 463 664 466 664 466 664 466 664 468 664 468 664 498 676 520 685 539 676 557 666 557 666 557 666 559 666 559 666 562 666 562 666 562 666 564 666 564 666 587 676 610 687 781 692 859 692 877 678 886 671 888 671 888 671 888 671 891 671 891 671 893 671 1156 676 1156 676 1156 676 1158 676 1178 680 1210 689 1242 682 1263 678 1263 678 1263 678 1265 678 1265 678 1268 678 1268 678 1268 678 1270 678 1274 682 1288 692 1501 701 1667 687 1670 687 1670 687 1670 687 1672 687 1672 687 1672 687 1674 687 1674 689 1693 703 1747 694 1747 694 1750 694 1750 694 1882 705 1905 694 1905 694 1905 694 1907 694 1907 694 1907 694 1910 694 1910 694 1912 694 1912 694 1912 694 1942 710 2010 710 2063 689 2067 751 2063 767 1469 749 1375 758 1364 758 1364 758 1361 758 1361 758 1359 758 1359 758 1359 758 1357 758 1357 758 1357 758 1341 746 1101 753 1078 753 1076 753 1076 753 1073 753 1073 753 1073 753 1071 753 1071 753 1053 742 402 742"/></Shape>
	    <String CONTENT="Je vous renvoye les Schalls, Monsieur, avec mille remerciements."
                    HPOS="397"
                    VPOS="664"
                    WIDTH="1670"
                    HEIGHT="103"></String>
          </TextLine>

          
          
          <TextLine ID="eSc_line_77f6fe67"
                    
                    BASELINE="331 783 980 788 2047 815 2111 824" 
                    HPOS="331"
                    VPOS="730"
                    WIDTH="1782"
                    HEIGHT="110">
            <Shape><Polygon POINTS="331 783 331 730 694 749 710 740 717 735 719 735 719 735 719 735 722 735 722 735 724 735 877 737 877 737 877 737 879 737 900 744 927 753 973 746 1021 740 1021 740 1023 740 1023 740 1023 740 1025 740 1057 749 1073 753 1083 749 1101 742 1101 742 1103 742 1103 742 1103 742 1105 742 1281 746 1281 746 1281 746 1284 746 1284 746 1286 746 1286 746 1297 756 1300 758 1309 756 1345 746 1348 746 1348 746 1350 746 1350 746 1505 760 1576 767 1603 765 1656 756 1656 756 1658 756 1658 756 1658 756 1661 756 1661 756 1663 756 1663 756 1674 765 1681 769 1704 767 1768 758 1768 758 1770 758 1770 758 1773 758 1773 758 1773 758 1775 758 1791 769 1798 774 1903 774 1919 772 1990 760 1990 760 1992 760 1992 760 1992 760 1994 760 1994 760 1994 760 2022 774 2026 778 2113 778 2111 824 2106 840 1971 826 1811 836 1786 836 1784 836 1784 836 1784 836 1782 836 1777 836 1741 822 1592 831 1569 831 1567 831 1567 831 1553 829 1450 815 1428 826 1428 826 1428 826 1428 826 1425 826 1425 826 1425 826 1423 826 1423 826 1421 826 1327 810 1206 822 1204 822 1204 822 1201 822 1201 822 1201 822 1199 822 1126 806 948 817 934 817 932 817 932 817 932 817 929 817 929 817 927 817 927 817 927 817 927 815 909 799 804 799 626 810 616 810 614 810 614 810 614 810 612 810 612 810 612 810 610 810 582 792 477 792 331 804"/></Shape>
	    <String CONTENT="Je n&#39;en veux point de ce genre ; mais j&#39;en désire encore deux comme les derniers."
                    HPOS="331"
                    VPOS="730"
                    WIDTH="1782"
                    HEIGHT="110"></String>
          </TextLine>

          
          
          <TextLine ID="eSc_line_fc96e1d6"
                    
                    BASELINE="333 845 2099 888" 
                    HPOS="329"
                    VPOS="797"
                    WIDTH="1770"
                    HEIGHT="112">
            <Shape><Polygon POINTS="333 845 333 797 2099 845 2099 888 2097 897 2026 909 2026 909 2024 909 2024 909 2022 909 1967 895 1962 895 1937 895 1544 897 1542 897 1279 877 1261 877 1256 877 1199 888 1199 888 1199 888 1197 888 1197 888 1121 874 897 881 895 881 692 863 648 874 646 874 646 874 646 874 644 874 644 874 539 861 429 870 429 870 427 870 427 870 329 851"/></Shape>
	    <String CONTENT="La chère tante croit qu&#39;il sont trop bon marché pour moi ; mais outre"
                    HPOS="329"
                    VPOS="797"
                    WIDTH="1770"
                    HEIGHT="112"></String>
          </TextLine>

          
          
          <TextLine ID="eSc_line_7c24b477"
                    
                    BASELINE="335 915 2058 952" 
                    HPOS="333"
                    VPOS="858"
                    WIDTH="1725"
                    HEIGHT="117">
            <Shape><Polygon POINTS="335 915 333 872 438 858 438 858 440 858 440 858 530 874 552 877 573 874 655 863 655 863 658 863 658 863 658 863 660 863 660 863 660 863 683 877 690 879 708 877 763 865 763 865 765 865 765 865 884 879 934 883 957 879 991 872 991 872 993 872 1089 872 1089 872 1089 872 1092 872 1092 872 1092 872 1112 881 1126 888 1140 881 1156 874 1156 874 1158 874 1158 874 1158 874 1160 874 1160 874 1231 883 1293 890 1343 883 1373 881 1373 881 1375 881 1375 881 1377 881 1377 881 1389 886 1412 895 1421 886 1423 883 1423 883 1425 883 1425 883 1425 883 1428 883 1428 883 1428 883 1430 883 1430 883 1432 883 1432 883 1432 883 1434 883 1437 886 1453 897 1626 899 1850 890 1894 890 1896 890 1896 890 1896 890 1898 890 1905 893 1953 906 2056 895 2058 952 2051 975 2008 963 1601 966 1523 966 1521 966 1521 966 1519 966 1519 966 1519 966 1517 966 1517 966 1517 963 1517 963 1505 954 1444 961 1444 961 1441 961 1441 961 1441 961 1439 961 1402 950 1240 959 1217 959 1215 959 1215 959 1215 959 1213 959 1213 959 1210 959 1210 959 1210 959 1192 945 1014 954 984 954 982 954 982 954 966 952 872 938 822 950 817 950 817 950 817 950 815 950 815 950 813 950 811 950 760 936 335 938"/></Shape>
	    <String CONTENT="que c&#39;est un beau défaut, je demande ces derniers pour en faire des"
                    HPOS="333"
                    VPOS="858"
                    WIDTH="1725"
                    HEIGHT="117"></String>
          </TextLine>

          
          
          <TextLine ID="eSc_line_a4d9a80b"
                    
                    BASELINE="333 984 1471 1005 2049 1030" 
                    HPOS="331"
                    VPOS="934"
                    WIDTH="1720"
                    HEIGHT="109">
            <Shape><Polygon POINTS="333 984 331 943 671 934 674 934 674 934 676 934 676 934 676 934 678 934 696 945 760 936 760 936 763 936 763 936 763 936 765 936 765 936 767 936 792 952 856 938 856 938 856 938 859 938 859 938 859 938 861 938 909 954 1057 943 1060 943 1060 943 1060 943 1062 943 1062 943 1062 943 1064 943 1083 957 1142 945 1142 945 1142 945 1144 945 1144 945 1146 945 1146 945 1146 945 1178 961 1359 950 1361 950 1361 950 1361 950 1462 966 1478 954 1480 954 1480 954 1480 954 1482 954 1482 954 1485 954 1587 957 1587 957 1587 957 1658 973 1750 959 1750 959 1752 959 1752 959 1752 959 1855 979 1962 979 1994 966 1994 966 1996 966 1996 966 1996 966 1999 966 1999 966 1999 966 2001 966 2051 984 2049 1030 2044 1043 1757 1039 1757 1039 1757 1039 1754 1039 1754 1039 1752 1039 1718 1023 1508 1032 1494 1032 1492 1032 1492 1032 1492 1032 1489 1032 1487 1032 1441 1014 1261 1011 1192 1025 1188 1025 1188 1025 1188 1025 1185 1025 1185 1025 1183 1025 1183 1025 1183 1025 1181 1025 1151 1009 1096 1018 1096 1018 1096 1018 1094 1018 1094 1018 1092 1018 1092 1018 1092 1018 1067 1007 333 1007"/></Shape>
	    <String CONTENT="présens ; bref, il m&#39;en faut encore 2 le 11X comme le mien. Serez"
                    HPOS="331"
                    VPOS="934"
                    WIDTH="1720"
                    HEIGHT="109"></String>
          </TextLine>

          
          
          <TextLine ID="eSc_line_741d065d"
                    TAGREFS="LT3"
                    BASELINE="864 1040 930 1040" 
                    HPOS="861"
                    VPOS="979"
                    WIDTH="68"
                    HEIGHT="96">
            <Shape><Polygon POINTS="863 1039 861 995 927 979 929 1039 929 1075 863 1075"/></Shape>
	    <String CONTENT="vous"
                    HPOS="861"
                    VPOS="979"
                    WIDTH="68"
                    HEIGHT="96"></String>
          </TextLine>

          
          
          <TextLine ID="eSc_line_5bda6862"
                    
                    BASELINE="329 1048 1841 1084" 
                    HPOS="326"
                    VPOS="995"
                    WIDTH="1515"
                    HEIGHT="110">
            <Shape><Polygon POINTS="329 1048 329 1007 514 1014 520 1011 546 995 548 995 548 995 548 995 550 995 550 995 552 995 552 995 552 995 555 995 555 995 598 1014 607 1016 616 1014 667 998 669 998 669 998 669 998 671 998 671 998 674 998 674 998 674 998 708 1016 719 1023 799 1023 801 1018 820 1005 820 1002 820 1002 822 1002 822 1002 822 1002 824 1002 824 1002 827 1002 971 1005 971 1005 971 1005 1069 1025 1080 1027 1089 1027 1176 1009 1176 1009 1176 1009 1178 1009 1178 1009 1181 1009 1181 1009 1238 1030 1245 1032 1281 1032 1473 1025 1476 1025 1476 1025 1476 1025 1478 1025 1519 1039 1523 1039 1528 1039 1569 1027 1571 1027 1571 1027 1574 1027 1574 1027 1574 1027 1576 1027 1576 1027 1576 1027 1578 1027 1597 1039 1679 1037 1697 1023 1699 1023 1699 1023 1699 1023 1702 1023 1702 1023 1704 1023 1704 1023 1704 1023 1706 1023 1706 1023 1706 1023 1709 1023 1709 1023 1709 1025 1725 1041 1841 1048 1841 1084 1839 1091 1770 1103 1770 1103 1768 1103 1768 1103 1766 1103 1718 1091 1718 1091 1718 1091 1683 1105 1683 1105 1681 1105 1681 1105 1681 1105 1679 1105 1679 1105 1677 1105 1622 1089 1617 1089 1608 1089 1512 1100 1512 1100 1510 1100 1510 1100 1508 1100 1508 1100 1508 1100 1480 1087 1478 1087 1457 1087 1316 1096 1313 1096 1313 1096 1313 1096 1311 1096 1311 1096 1309 1096 1290 1084 1286 1082 1274 1084 1233 1094 1233 1094 1233 1094 1231 1094 1231 1094 1231 1094 1229 1094 1199 1084 1185 1080 1128 1082 1014 1089 1012 1089 1012 1089 1012 1089 1009 1089 1009 1089 1009 1089 993 1080 977 1073 824 1078 712 1082 710 1082 710 1082 708 1082 687 1078 646 1066 562 1075 530 1078 530 1078 527 1078 527 1078 502 1073 408 1059 326 1071"/></Shape>
	    <String CONTENT="vous assez bon pour le rappeler en renvoyant ceux-ci."
                    HPOS="326"
                    VPOS="995"
                    WIDTH="1515"
                    HEIGHT="110"></String>
          </TextLine>

          
          
          <TextLine ID="eSc_line_07c6d210"
                    
                    BASELINE="381 1114 1661 1144 1999 1158 2065 1169" 
                    HPOS="377"
                    VPOS="1059"
                    WIDTH="1690"
                    HEIGHT="117">
            <Shape><Polygon POINTS="381 1114 379 1073 472 1059 472 1059 475 1059 475 1059 475 1059 477 1059 477 1059 479 1059 479 1059 479 1062 495 1075 495 1075 498 1075 525 1066 527 1066 527 1066 527 1066 530 1066 667 1080 685 1080 692 1080 769 1066 769 1066 772 1066 772 1066 772 1066 774 1066 774 1066 774 1066 776 1066 776 1066 790 1080 806 1068 808 1068 808 1068 808 1068 811 1068 811 1068 813 1068 955 1071 955 1071 955 1071 957 1071 957 1071 957 1071 991 1087 991 1087 993 1087 1067 1075 1067 1075 1069 1075 1069 1075 1069 1075 1071 1075 1112 1089 1135 1075 1137 1075 1137 1075 1140 1075 1140 1075 1140 1075 1142 1075 1142 1075 1144 1075 1144 1075 1188 1091 1190 1091 1190 1091 1233 1082 1233 1082 1233 1082 1236 1082 1236 1082 1238 1082 1238 1082 1238 1082 1240 1082 1240 1082 1240 1084 1249 1094 1252 1096 1432 1098 1448 1098 1601 1087 1603 1087 1603 1087 1603 1087 1606 1087 1663 1103 1665 1103 1670 1103 1775 1096 1777 1096 1777 1096 1777 1096 1779 1096 1818 1107 1821 1107 1825 1107 1871 1094 1873 1094 1873 1094 1873 1094 1875 1094 1875 1094 1878 1094 1878 1094 1878 1094 1880 1094 1903 1110 1905 1112 2067 1114 2065 1169 2060 1176 1837 1162 1807 1169 1791 1171 1791 1171 1791 1171 1789 1171 1789 1171 1789 1171 1786 1171 1786 1171 1786 1171 1784 1171 1779 1167 1766 1158 1729 1167 1722 1167 1722 1167 1722 1167 1720 1167 1720 1167 1718 1167 1718 1167 1718 1167 1713 1164 1693 1155 1585 1162 1555 1162 1553 1162 1553 1162 1553 1162 1551 1162 1542 1160 1508 1151 1464 1158 1428 1162 1428 1162 1425 1162 1425 1162 1423 1162 1423 1162 1423 1162 1421 1162 1412 1155 1402 1148 1393 1155 1389 1160 1389 1160 1386 1160 1386 1160 1386 1160 1384 1160 1384 1160 1382 1160 1236 1158 1236 1158 1144 1146 1099 1142 1087 1144 1064 1153 1064 1153 1062 1153 1062 1153 1060 1153 1060 1153 1057 1153 1057 1153 1057 1153 1037 1144 1028 1139 993 1142 909 1148 907 1148 907 1148 907 1148 849 1137 836 1135 813 1135 692 1144 690 1144 690 1144 690 1144 687 1144 687 1144 687 1144 685 1144 664 1130 664 1130 660 1130 610 1142 610 1142 610 1142 607 1142 607 1142 607 1142 539 1128 411 1137 408 1137 408 1137 408 1137 406 1137 406 1137 406 1137 377 1121"/></Shape>
	    <String CONTENT="Nous avons été foit privés de ne pas voir ces Dames et vous hier."
                    HPOS="377"
                    VPOS="1059"
                    WIDTH="1690"
                    HEIGHT="117"></String>
          </TextLine>

          
          
          <TextLine ID="eSc_line_34a5cb82"
                    
                    BASELINE="329 1185 2058 1226" 
                    HPOS="324"
                    VPOS="1137"
                    WIDTH="1734"
                    HEIGHT="112">
            <Shape><Polygon POINTS="329 1185 329 1137 1231 1164 1281 1162 1412 1155 1414 1155 1414 1155 1416 1155 1464 1167 1482 1171 1503 1169 1571 1158 1571 1158 1574 1158 1574 1158 1574 1158 1654 1174 1670 1176 1674 1174 1688 1162 1688 1162 1690 1162 1690 1162 1690 1162 1693 1162 1693 1162 1695 1162 1960 1167 1960 1167 1960 1167 2056 1185 2058 1226 2054 1249 1674 1228 1569 1235 1512 1238 1510 1238 1510 1238 1510 1238 1508 1238 1508 1238 1508 1238 1496 1233 1482 1224 1466 1231 1460 1235 1460 1235 1460 1235 1457 1235 1457 1235 1455 1235 1194 1231 1194 1231 1194 1231 1192 1231 1192 1231 1169 1222 1160 1219 1151 1222 1124 1228 1121 1228 1121 1228 1119 1228 1119 1228 1119 1228 1117 1228 1117 1228 1094 1219 1078 1215 1055 1219 1007 1226 1007 1226 1005 1226 1005 1226 1005 1226 1003 1226 1003 1226 1003 1226 1000 1226 1000 1226 991 1217 984 1212 913 1215 724 1219 722 1219 722 1219 630 1206 614 1203 594 1203 468 1212 466 1212 466 1212 324 1194"/></Shape>
	    <String CONTENT="Nous espérions que nos jeunes gens pourraient offrir leurs bras. Nous"
                    HPOS="324"
                    VPOS="1137"
                    WIDTH="1734"
                    HEIGHT="112"></String>
          </TextLine>

          
          
          <TextLine ID="eSc_line_69fe2420"
                    
                    BASELINE="331 1254 982 1260 2088 1288" 
                    HPOS="329"
                    VPOS="1199"
                    WIDTH="1759"
                    HEIGHT="107">
            <Shape><Polygon POINTS="331 1254 329 1210 443 1199 445 1199 445 1199 587 1212 607 1215 614 1215 658 1201 660 1201 660 1201 662 1201 893 1206 893 1206 893 1206 895 1206 895 1206 927 1219 934 1222 955 1219 1012 1212 1012 1212 1014 1212 1151 1224 1229 1228 1242 1224 1272 1215 1274 1215 1274 1215 1274 1215 1277 1215 1277 1215 1277 1215 1279 1215 1311 1226 1329 1233 1460 1233 1476 1228 1501 1219 1503 1219 1503 1219 1503 1219 1505 1219 1505 1219 1508 1219 1508 1219 1508 1219 1528 1228 1533 1231 1553 1231 1649 1222 1649 1222 1651 1222 1651 1222 1731 1233 1770 1238 1784 1233 1807 1226 1809 1226 1809 1226 1809 1226 1811 1226 2088 1240 2088 1288 2083 1306 893 1272 331 1272"/></Shape>
	    <String CONTENT="attondons aussi du monde ce matin, ce ui vous empêche d&#39;aller à Liedberg. Nous"
                    HPOS="329"
                    VPOS="1199"
                    WIDTH="1759"
                    HEIGHT="107"></String>
          </TextLine>

          
          
          <TextLine ID="eSc_line_1adef800"
                    
                    BASELINE="329 1315 2028 1343" 
                    HPOS="322"
                    VPOS="1263"
                    WIDTH="1706"
                    HEIGHT="107">
            <Shape><Polygon POINTS="329 1315 326 1272 468 1263 470 1263 470 1263 470 1263 472 1263 507 1274 520 1279 527 1274 543 1265 546 1265 546 1265 548 1265 548 1265 548 1265 550 1265 550 1265 550 1265 605 1276 630 1281 639 1276 653 1267 655 1267 655 1267 658 1267 658 1267 658 1267 660 1267 660 1267 740 1279 779 1283 854 1281 968 1276 971 1276 1103 1285 1178 1290 1213 1288 1318 1276 1318 1276 1320 1276 1320 1276 1322 1276 1366 1290 1368 1292 1603 1297 1619 1295 1695 1283 1695 1283 1697 1283 1697 1283 1697 1283 1699 1283 1741 1297 1747 1299 1766 1297 1882 1285 1882 1285 1885 1285 1885 1285 1887 1285 1887 1285 1887 1285 1889 1285 1910 1301 1912 1301 1914 1301 1955 1288 1958 1288 1958 1288 1958 1288 1960 1288 1960 1288 1960 1288 2028 1304 2028 1343 2026 1356 1887 1370 1885 1370 1885 1370 1885 1370 1882 1370 1882 1370 1882 1370 1855 1356 1610 1365 1608 1365 1608 1365 1608 1365 1606 1365 1606 1365 1603 1365 1603 1365 1603 1365 1587 1352 1476 1363 1473 1363 1320 1361 1320 1361 1320 1361 1318 1361 1318 1361 1318 1361 1288 1347 1240 1359 1238 1359 1238 1359 1236 1359 1236 1359 1236 1359 1233 1359 1233 1359 1231 1359 1210 1345 1069 1345 1041 1356 1041 1356 1039 1356 1039 1356 1039 1356 1037 1356 1037 1356 1037 1356 1035 1356 1035 1356 1035 1356 1032 1356 1012 1343 1012 1343 1012 1343 833 1352 831 1352 831 1352 831 1352 829 1352 829 1352 829 1352 827 1352 811 1340 785 1349 785 1349 783 1349 783 1349 781 1349 539 1336 495 1347 493 1347 493 1347 491 1347 491 1347 491 1347 488 1347 488 1347 488 1347 486 1347 468 1333 466 1333 461 1333 351 1345 351 1345 349 1345 349 1345 347 1345 347 1345 347 1345 345 1345 322 1331"/></Shape>
	    <String CONTENT="serions fort charmés que toutes vos santés vous permissent d&#39;être des"
                    HPOS="322"
                    VPOS="1263"
                    WIDTH="1706"
                    HEIGHT="107"></String>
          </TextLine>

          
          
          <TextLine ID="eSc_line_88dfe8b0"
                    
                    BASELINE="329 1384 514 1384" 
                    HPOS="326"
                    VPOS="1338"
                    WIDTH="188"
                    HEIGHT="69">
            <Shape><Polygon POINTS="329 1384 326 1340 511 1338 514 1384 514 1402 329 1407"/></Shape>
	    <String CONTENT="notres."
                    HPOS="326"
                    VPOS="1338"
                    WIDTH="188"
                    HEIGHT="69"></String>
          </TextLine>

          
          
          <TextLine ID="eSc_line_3bbae09b"
                    
                    BASELINE="386 1455 1583 1468 2095 1486" 
                    HPOS="383"
                    VPOS="1395"
                    WIDTH="1712"
                    HEIGHT="107">
            <Shape><Polygon POINTS="386 1455 386 1395 594 1413 788 1404 838 1402 840 1402 840 1402 840 1402 859 1404 911 1418 993 1409 1039 1404 1039 1404 1041 1404 1041 1404 1044 1404 1064 1411 1101 1420 1210 1413 1300 1409 1302 1409 1302 1409 1302 1409 1304 1409 1332 1416 1361 1425 1409 1418 1469 1411 1469 1411 1471 1411 1471 1411 1471 1411 1473 1411 1473 1411 1494 1420 1510 1427 1546 1423 1608 1413 1608 1413 1610 1413 1610 1413 1610 1413 1613 1413 1613 1413 1613 1413 1615 1413 1629 1425 1633 1425 1645 1425 1743 1416 1743 1416 1745 1416 1745 1416 1825 1429 1850 1434 2095 1436 2095 1486 2090 1502 1980 1491 1859 1498 1816 1500 1814 1500 1814 1500 1814 1500 1811 1500 1811 1500 1809 1500 1805 1498 1786 1486 1711 1496 1679 1498 1679 1498 1677 1498 1677 1498 1674 1498 1674 1498 1663 1493 1640 1484 1416 1489 1240 1491 1238 1491 1238 1491 1238 1491 1236 1491 1210 1484 1190 1477 1135 1482 1053 1489 1051 1489 1051 1489 1051 1489 1048 1489 1048 1489 1025 1480 1014 1475 920 1475 916 1477 900 1486 897 1486 897 1486 897 1486 895 1486 895 1486 893 1486 893 1486 776 1473 740 1471 687 1471 466 1480 463 1480 463 1480 383 1464"/></Shape>
	    <String CONTENT="Vos sangsues sont bien affamées ; mais aussi pourquoi les tentiez vous par de la"
                    HPOS="383"
                    VPOS="1395"
                    WIDTH="1712"
                    HEIGHT="107"></String>
          </TextLine>

          
          
          <TextLine ID="eSc_line_1e8fe2fb"
                    
                    BASELINE="331 1534 845 1530 2063 1546" 
                    HPOS="326"
                    VPOS="1473"
                    WIDTH="1737"
                    HEIGHT="96">
            <Shape><Polygon POINTS="331 1534 326 1489 402 1473 402 1473 404 1473 509 1475 509 1475 509 1475 511 1475 511 1475 511 1475 514 1475 514 1475 532 1489 596 1480 596 1480 598 1480 598 1480 678 1491 683 1491 685 1491 715 1477 715 1477 715 1477 717 1477 717 1477 719 1477 719 1477 847 1489 886 1477 888 1477 888 1477 888 1477 891 1477 891 1477 991 1493 993 1493 996 1493 1064 1482 1064 1482 1064 1482 1067 1482 1258 1496 1263 1496 1265 1496 1352 1482 1352 1482 1354 1482 1354 1482 1354 1482 1357 1482 1414 1498 1418 1498 1428 1498 1544 1486 1544 1486 1546 1486 1818 1500 1873 1489 1873 1489 1873 1489 1875 1489 2060 1505 2063 1546 2058 1569 1814 1550 1645 1564 1617 1566 1615 1566 1615 1566 1615 1566 1613 1566 1613 1566 1610 1566 1610 1566 1610 1564 1608 1564 1590 1548 1466 1560 1466 1560 1464 1560 1357 1550 1332 1562 1329 1562 1329 1562 1327 1562 1327 1562 1327 1562 1325 1562 1325 1562 1325 1562 1316 1562 1249 1546 1188 1560 1172 1562 1172 1562 1172 1562 1169 1562 1119 1560 895 1541 696 1541 653 1553 644 1555 642 1555 642 1555 639 1555 329 1548"/></Shape>
	    <String CONTENT="chair fraiche, elles vous auront pris le mauvais sang que vous aviez"
                    HPOS="326"
                    VPOS="1473"
                    WIDTH="1737"
                    HEIGHT="96"></String>
          </TextLine>

          
          
          <TextLine ID="eSc_line_302df0f2"
                    
                    BASELINE="335 1596 1841 1605 2115 1619" 
                    HPOS="333"
                    VPOS="1539"
                    WIDTH="1782"
                    HEIGHT="91">
            <Shape><Polygon POINTS="335 1596 333 1555 587 1539 589 1539 589 1539 589 1539 660 1555 660 1555 660 1555 893 1541 895 1541 895 1541 1003 1557 1005 1560 1044 1560 1151 1560 1188 1544 1188 1544 1190 1544 1190 1544 1190 1544 1192 1544 1192 1544 1194 1544 1252 1560 1254 1560 1258 1560 1359 1546 1359 1546 1361 1546 1361 1546 1364 1546 1364 1546 1364 1546 1366 1546 1366 1546 1384 1560 1501 1548 1501 1548 1503 1548 1747 1560 1777 1548 1777 1548 1779 1548 1779 1548 1779 1548 1782 1548 1782 1548 1784 1548 1784 1548 1784 1548 1814 1562 1990 1550 1992 1550 1992 1550 1992 1550 1994 1550 1994 1550 1994 1550 2022 1564 2024 1566 2113 1566 2115 1619 2111 1630 1996 1619 1738 1628 1736 1628 1734 1628 1734 1628 1734 1628 1734 1628 1731 1628 1731 1628 1729 1628 1711 1617 1663 1628 1663 1628 1661 1628 1661 1628 1658 1628 1220 1626 1220 1626 1220 1626 1217 1626 1217 1626 1217 1626 1217 1626 1215 1626 1194 1612 913 1624 895 1624 893 1624 893 1624 893 1624 891 1624 891 1624 891 1624 891 1624 888 1624 868 1610 763 1621 763 1621 760 1621 584 1608 335 1619"/></Shape>
	    <String CONTENT="fait cet hiver, et j&#39;espère que cela vous fera grand bien. Il m&#39;en faudrait autant ;"
                    HPOS="333"
                    VPOS="1539"
                    WIDTH="1782"
                    HEIGHT="91"></String>
          </TextLine>

          
          
          <TextLine ID="eSc_line_50df2705"
                    
                    BASELINE="331 1665 2067 1676" 
                    HPOS="329"
                    VPOS="1608"
                    WIDTH="1738"
                    HEIGHT="93">
            <Shape><Polygon POINTS="331 1665 331 1608 402 1624 598 1610 623 1610 626 1610 626 1610 626 1610 639 1612 728 1626 939 1614 1019 1612 1021 1612 1021 1612 1021 1612 1023 1612 1023 1612 1025 1612 1025 1612 1030 1617 1046 1628 1108 1617 1133 1614 1133 1614 1135 1614 1135 1614 1135 1614 1137 1614 1149 1619 1176 1628 1201 1619 1215 1614 1215 1614 1217 1614 1217 1614 1217 1614 1220 1614 1220 1614 1256 1619 1293 1626 1311 1621 1332 1614 1334 1614 1334 1614 1334 1614 1336 1614 1336 1614 1338 1614 1338 1614 1357 1621 1380 1630 1418 1621 1448 1617 1448 1617 1450 1617 1585 1617 1585 1617 1585 1617 1587 1617 1587 1617 1606 1626 1619 1630 1654 1626 1715 1617 1715 1617 1718 1617 2065 1633 2067 1676 2065 1685 1725 1701 1722 1701 1722 1701 1720 1701 1720 1701 1720 1701 1690 1687 1565 1697 1565 1697 1562 1697 1414 1685 1370 1683 1338 1685 1233 1697 1233 1697 1231 1697 1039 1685 957 1681 923 1685 872 1692 872 1692 870 1692 870 1692 868 1692 868 1692 868 1692 852 1685 843 1681 792 1685 706 1692 706 1692 703 1692 703 1692 701 1692 671 1685 644 1678 562 1678 550 1685 539 1692 536 1692 536 1692 536 1692 534 1692 534 1692 532 1692 329 1683"/></Shape>
	    <String CONTENT="mais j&#39;ai horreur de ces betes noires. Je n&#39;aime les bêtes qu&#39;à l&#39;hombre et"
                    HPOS="329"
                    VPOS="1608"
                    WIDTH="1738"
                    HEIGHT="93"></String>
          </TextLine>

          
          
          <TextLine ID="eSc_line_64af2341"
                    
                    BASELINE="333 1729 1581 1738" 
                    HPOS="331"
                    VPOS="1674"
                    WIDTH="1250"
                    HEIGHT="87">
            <Shape><Polygon POINTS="333 1729 333 1687 484 1687 484 1687 498 1676 498 1674 498 1674 500 1674 500 1674 500 1674 502 1674 502 1674 504 1674 504 1674 504 1674 507 1674 507 1674 541 1687 541 1687 543 1687 626 1674 626 1674 628 1674 628 1674 628 1674 630 1674 630 1674 630 1674 660 1690 662 1690 664 1690 701 1676 701 1676 703 1676 703 1676 706 1676 706 1676 706 1676 708 1676 708 1676 710 1676 710 1676 710 1676 724 1690 726 1692 783 1692 785 1690 817 1676 817 1676 820 1676 820 1676 820 1676 822 1676 822 1676 941 1690 957 1692 966 1692 1030 1678 1030 1678 1030 1678 1032 1678 1032 1678 1035 1678 1035 1678 1035 1678 1060 1690 1226 1678 1229 1678 1229 1678 1389 1694 1398 1694 1405 1694 1492 1681 1492 1681 1494 1681 1494 1681 1494 1681 1578 1697 1581 1738 1578 1751 1523 1761 1523 1761 1521 1761 1521 1761 1521 1761 1482 1751 1457 1747 1432 1751 1407 1758 1405 1758 1405 1758 1402 1758 1402 1758 1400 1758 1375 1751 1354 1747 1334 1751 1304 1761 1302 1761 1302 1761 1302 1761 1300 1761 1300 1761 1297 1761 1297 1761 1297 1761 1295 1761 1295 1761 1295 1758 1288 1751 1281 1747 1231 1751 1183 1756 1183 1756 1181 1756 1181 1756 1156 1751 1121 1745 1089 1751 1048 1761 1048 1761 1048 1761 1046 1761 1046 1761 1046 1761 1044 1761 1044 1761 1023 1751 1007 1745 991 1751 968 1761 968 1761 966 1761 966 1761 966 1761 964 1761 964 1761 961 1761 961 1761 961 1761 959 1761 959 1761 948 1751 934 1742 877 1742 831 1751 792 1758 792 1758 792 1761 646 1761 644 1758 562 1751 472 1742 452 1751 450 1751 450 1751 447 1751 447 1751 447 1751 445 1751 445 1751 443 1751 443 1751 443 1751 440 1751 440 1751 424 1740 331 1749"/></Shape>
	    <String CONTENT="non à l&#39;ombre. Comme j&#39;ai de l&#39;esprit ce matin."
                    HPOS="331"
                    VPOS="1674"
                    WIDTH="1250"
                    HEIGHT="87"></String>
          </TextLine>

          
          
          <TextLine ID="eSc_line_1ece65ec"
                    
                    BASELINE="379 1806 2051 1811" 
                    HPOS="377"
                    VPOS="1747"
                    WIDTH="1674"
                    HEIGHT="80">
            <Shape><Polygon POINTS="379 1806 379 1747 486 1761 525 1751 527 1751 527 1751 530 1751 530 1751 530 1751 532 1751 532 1751 534 1751 534 1751 550 1765 619 1749 619 1749 619 1749 621 1749 621 1749 621 1749 623 1749 623 1749 662 1765 722 1754 722 1754 722 1754 724 1754 724 1754 726 1754 726 1754 726 1754 728 1754 747 1767 1133 1767 1153 1749 1153 1749 1156 1749 1156 1749 1156 1749 1158 1749 1158 1749 1158 1749 1160 1749 1160 1749 1160 1749 1160 1749 1162 1749 1224 1767 1368 1751 1368 1751 1370 1751 1370 1751 1430 1763 1453 1751 1453 1751 1453 1751 1455 1751 1455 1751 1455 1751 1457 1751 1647 1763 1725 1751 1725 1751 1727 1751 1727 1751 1727 1751 1729 1751 1729 1751 1729 1751 1759 1767 1983 1767 2044 1751 2051 1811 2047 1827 377 1820"/></Shape>
	    <String CONTENT="En vérité, Monsieur, vous avez grand tort de ne pas nous venir"
                    HPOS="377"
                    VPOS="1747"
                    WIDTH="1674"
                    HEIGHT="80"></String>
          </TextLine>

          
          
          <TextLine ID="eSc_line_a1765762"
                    
                    BASELINE="335 1886 1012 1873 2033 1879" 
                    HPOS="331"
                    VPOS="1822"
                    WIDTH="1702"
                    HEIGHT="80">
            <Shape><Polygon POINTS="335 1886 331 1841 461 1838 491 1822 491 1822 491 1822 493 1822 493 1822 495 1822 566 1822 566 1822 566 1822 568 1822 568 1822 568 1822 571 1822 571 1822 587 1836 614 1822 614 1822 614 1822 616 1822 616 1822 619 1822 619 1822 619 1822 696 1838 779 1838 808 1822 808 1822 808 1822 811 1822 811 1822 813 1822 813 1822 957 1836 1041 1822 1041 1822 1044 1822 1044 1822 1194 1836 1272 1822 1272 1822 1274 1822 1274 1822 1391 1834 1418 1822 1418 1822 1421 1822 1421 1822 1421 1822 1423 1822 1423 1822 1423 1822 1425 1822 1425 1822 1428 1822 1450 1836 1450 1836 1455 1836 1597 1822 1599 1822 2031 1836 2033 1879 2031 1900 1900 1900 1898 1898 1898 1898 1898 1898 1896 1898 1896 1898 1896 1898 1894 1898 1894 1898 1882 1886 1846 1898 1841 1900 1839 1900 1839 1900 1839 1902 1437 1902 1434 1900 1434 1900 1432 1900 1425 1898 1377 1886 1357 1898 1357 1900 1354 1900 1354 1900 1354 1900 1352 1900 1352 1900 1352 1902 1245 1902 1242 1900 1242 1900 1240 1900 1236 1898 1192 1886 815 1886 795 1898 795 1900 792 1900 792 1900 792 1900 790 1900 790 1900 790 1900 788 1900 788 1900 785 1900 785 1900 781 1898 754 1889 335 1898"/></Shape>
	    <String CONTENT="voir. Je suis convaincue que vous vous en trouveriez aussi bien que nous, et"
                    HPOS="331"
                    VPOS="1822"
                    WIDTH="1702"
                    HEIGHT="80"></String>
          </TextLine>

          
          
          <TextLine ID="eSc_line_8f7d6bcd"
                    
                    BASELINE="326 1955 1864 1946 2042 1959" 
                    HPOS="317"
                    VPOS="1884"
                    WIDTH="1725"
                    HEIGHT="91">
            <Shape><Polygon POINTS="326 1955 317 1909 370 1891 372 1891 372 1891 372 1891 374 1891 374 1891 377 1891 438 1907 438 1909 562 1909 564 1907 614 1891 616 1891 616 1891 616 1891 619 1891 619 1891 619 1891 621 1891 669 1907 687 1891 687 1891 690 1891 690 1891 690 1891 692 1891 692 1891 692 1891 790 1889 792 1889 792 1889 795 1889 852 1904 870 1893 872 1893 872 1893 875 1893 875 1893 875 1893 877 1893 1030 1900 1076 1889 1078 1889 1078 1889 1080 1889 1160 1889 1160 1889 1160 1889 1162 1889 1162 1889 1162 1889 1194 1904 1194 1904 1194 1904 1242 1889 1245 1889 1245 1889 1245 1889 1247 1889 1247 1889 1366 1902 1391 1886 1393 1886 1393 1886 1393 1886 1396 1886 1396 1886 1398 1886 1471 1886 1471 1886 1471 1886 1473 1886 1473 1886 1473 1886 1505 1902 1610 1889 1610 1889 1613 1889 1613 1889 1722 1902 1727 1902 1729 1902 1789 1884 1791 1884 1791 1884 1791 1884 1793 1884 1793 1884 1793 1884 1866 1900 1900 1884 1900 1884 1900 1884 1903 1884 1903 1884 1905 1884 1905 1884 1905 1884 1907 1884 1907 1884 1907 1884 1942 1902 2040 1902 2042 1959 2038 1966 1743 1955 1642 1968 1642 1968 1642 1968 1640 1968 1638 1968 1380 1957 1336 1968 1334 1968 1334 1968 1332 1968 1025 1959 511 1973 509 1973 509 1973 436 1962 326 1975"/></Shape>
	    <String CONTENT="j&#39;admire que deux Français, si près l&#39;un de l&#39;autre, et les seuls peut être du pays"
                    HPOS="317"
                    VPOS="1884"
                    WIDTH="1725"
                    HEIGHT="91"></String>
          </TextLine>

          
          
          <TextLine ID="eSc_line_88707cca"
                    
                    BASELINE="329 2014 2150 2019" 
                    HPOS="329"
                    VPOS="1957"
                    WIDTH="1821"
                    HEIGHT="89">
            <Shape><Polygon POINTS="329 2014 329 1973 685 1973 692 1973 735 1957 738 1957 738 1957 738 1957 740 1957 740 1957 740 1957 806 1973 813 1973 820 1973 872 1957 875 1957 875 1957 875 1957 877 1957 877 1957 879 1957 934 1973 941 1973 948 1973 993 1957 996 1957 996 1957 996 1957 998 1957 998 1957 1000 1957 1041 1968 1181 1957 1183 1957 1183 1957 1183 1957 1245 1971 1261 1959 1263 1959 1263 1959 1263 1959 1265 1959 1265 1959 1265 1959 1268 1959 1414 1971 1462 1959 1464 1959 1464 1959 1466 1959 1466 1959 1466 1959 1469 1959 1469 1959 1471 1959 1489 1973 1496 1975 1519 1973 1590 1959 1590 1959 1592 1959 1592 1959 1592 1959 1594 1959 1594 1959 1597 1959 1597 1959 1613 1971 1729 1959 1729 1959 1731 1959 1731 1959 1734 1959 1734 1959 1766 1973 1777 1975 1807 1973 1898 1959 1898 1959 1900 1959 2147 1973 2150 2019 2150 2028 2111 2046 2111 2046 2108 2046 2108 2046 2108 2046 2106 2046 2106 2046 1971 2030 1969 2030 1960 2030 1526 2046 1523 2046 1334 2032 1238 2028 1167 2028 1156 2035 1144 2044 1144 2044 1142 2044 1142 2044 1142 2044 1140 2044 1140 2044 1137 2044 1137 2044 1137 2044 1135 2044 1105 2035 1080 2028 959 2028 945 2037 936 2044 936 2044 934 2044 934 2044 932 2044 932 2044 932 2044 929 2044 849 2037 754 2028 722 2037 701 2044 699 2044 699 2044 699 2046 406 2046 404 2044 404 2044 402 2044 402 2044 402 2044 399 2044 395 2039 381 2030 329 2039"/></Shape>
	    <String CONTENT="ne se cherchent pas d&#39;avantage, cela est tout contraire à l&#39;esprit de la Nation et je le mets sur votre"
                    HPOS="329"
                    VPOS="1957"
                    WIDTH="1821"
                    HEIGHT="89"></String>
          </TextLine>

          
          
          <TextLine ID="eSc_line_1c0be043"
                    
                    BASELINE="347 2094 610 2094" 
                    HPOS="345"
                    VPOS="2039"
                    WIDTH="265"
                    HEIGHT="71">
            <Shape><Polygon POINTS="347 2094 347 2039 610 2053 610 2094 607 2110 345 2106"/></Shape>
	    <String CONTENT="Conscience."
                    HPOS="345"
                    VPOS="2039"
                    WIDTH="265"
                    HEIGHT="71"></String>
          </TextLine>

          
          
          <TextLine ID="eSc_line_5709d8d3"
                    
                    BASELINE="370 2153 2113 2158" 
                    HPOS="365"
                    VPOS="2094"
                    WIDTH="1748"
                    HEIGHT="82">
            <Shape><Polygon POINTS="370 2153 370 2096 797 2108 840 2096 852 2094 854 2094 854 2094 856 2094 856 2094 891 2096 982 2106 1005 2096 1014 2094 1014 2094 1016 2094 1016 2094 1016 2094 1019 2094 1019 2094 1041 2096 1101 2106 1172 2096 1204 2094 1204 2094 1206 2094 1206 2094 1208 2094 1208 2094 1208 2094 1215 2096 1242 2110 1380 2099 1382 2099 1384 2099 1384 2099 1384 2099 1386 2099 1386 2099 1386 2099 1414 2110 2108 2101 2113 2158 2111 2169 402 2176 399 2176 399 2176 397 2176 397 2176 365 2163"/></Shape>
	    <String CONTENT="Vous avez aussi tort avec l&#39;imitation. Si vous de l&#39;auez pas eue, ce que je ne puis dire au"
                    HPOS="365"
                    VPOS="2094"
                    WIDTH="1748"
                    HEIGHT="82"></String>
          </TextLine>

          
          
          <TextLine ID="eSc_line_d5b9e054"
                    
                    BASELINE="322 2236 790 2222 1948 2217 2083 2227" 
                    HPOS="317"
                    VPOS="2158"
                    WIDTH="1766"
                    HEIGHT="94">
            <Shape><Polygon POINTS="322 2236 317 2183 408 2169 408 2169 411 2169 411 2169 534 2181 546 2181 548 2181 582 2167 582 2167 584 2167 584 2167 587 2167 587 2167 587 2167 646 2179 664 2165 667 2165 667 2165 667 2165 669 2165 669 2165 669 2165 671 2165 671 2165 674 2165 674 2165 710 2179 767 2165 769 2165 769 2165 772 2165 772 2165 927 2179 943 2179 950 2179 1019 2163 1019 2163 1019 2163 1021 2163 1192 2165 1192 2165 1192 2165 1194 2165 1194 2165 1194 2165 1217 2176 1220 2176 1224 2176 1290 2165 1290 2165 1290 2165 1293 2165 1293 2165 1295 2165 1295 2165 1325 2176 1329 2176 1553 2176 1555 2174 1571 2163 1574 2163 1574 2163 1574 2163 1576 2163 1576 2163 1578 2163 1578 2163 1578 2163 1581 2163 1581 2163 1608 2174 1610 2174 1613 2174 1647 2163 1649 2163 1649 2163 1649 2163 1651 2163 1791 2172 1795 2172 1798 2172 1846 2158 1848 2158 1848 2158 1848 2158 1850 2158 2081 2172 2083 2227 2079 2238 703 2236 685 2247 683 2247 683 2247 683 2247 680 2247 680 2247 680 2247 678 2247 678 2247 612 2238 322 2252"/></Shape>
	    <String CONTENT="juste, vous deviez venir sans cela. Vous saviez bien que vous étiez en tête de ma liste."
                    HPOS="317"
                    VPOS="2158"
                    WIDTH="1766"
                    HEIGHT="94"></String>
          </TextLine>

          
          
          <TextLine ID="eSc_line_12424fd0"
                    
                    BASELINE="377 2291 2026 2291" 
                    HPOS="370"
                    VPOS="2240"
                    WIDTH="1656"
                    HEIGHT="82">
            <Shape><Polygon POINTS="377 2291 370 2254 386 2240 386 2240 388 2240 388 2240 388 2240 390 2240 390 2240 390 2240 392 2240 578 2252 621 2240 623 2240 623 2240 623 2240 626 2240 769 2252 907 2240 909 2240 909 2240 909 2240 966 2252 1030 2240 1030 2240 1030 2240 1032 2240 1032 2240 1108 2252 1188 2240 1188 2240 1190 2240 1190 2240 1274 2252 1352 2240 1352 2240 1354 2240 1354 2240 1354 2240 1409 2252 1492 2240 1492 2240 1494 2240 1494 2240 1494 2240 1496 2240 1496 2240 1496 2240 1521 2254 1741 2254 1773 2240 1773 2240 1775 2240 1775 2240 1777 2240 2026 2254 2026 2291 2024 2313 1761 2307 1745 2313 1727 2320 1727 2320 1725 2320 1725 2320 1725 2322 1460 2322 1457 2320 1457 2320 1416 2311 1396 2307 1384 2311 1364 2320 1364 2320 1361 2320 1361 2320 1361 2320 1359 2320 1359 2320 1359 2320 1313 2311 1293 2307 1281 2311 1254 2320 1254 2320 1252 2320 1252 2320 1252 2322 1007 2322 1005 2320 1005 2320 1003 2320 1003 2320 1003 2320 1000 2320 1000 2320 989 2309 984 2307 911 2307 888 2309 779 2320 779 2320 776 2320 776 2320 776 2320 774 2320 774 2320 744 2307 742 2307 742 2307 710 2320 710 2320 708 2320 708 2320 706 2320 706 2320 562 2307 557 2307 550 2307 436 2320 436 2320 434 2320 434 2320 431 2320 372 2304"/></Shape>
	    <String CONTENT="Venez faire votre paix ; je n&#39;ai plus du tout l&#39;esprit guerroyant, et comme ce"
                    HPOS="370"
                    VPOS="2240"
                    WIDTH="1656"
                    HEIGHT="82"></String>
          </TextLine>

          
          
          <TextLine ID="eSc_line_be5b21b2"
                    
                    BASELINE="329 2359 2058 2350" 
                    HPOS="324"
                    VPOS="2297"
                    WIDTH="1734"
                    HEIGHT="89">
            <Shape><Polygon POINTS="329 2359 324 2318 413 2304 413 2304 415 2304 536 2304 536 2304 536 2304 539 2304 539 2304 539 2304 541 2304 541 2304 552 2313 555 2318 571 2313 605 2304 607 2304 607 2304 607 2304 610 2304 610 2304 662 2313 696 2318 945 2309 1055 2307 1057 2307 1057 2307 1071 2309 1115 2316 1126 2307 1133 2302 1135 2302 1135 2302 1135 2302 1137 2302 1137 2302 1140 2302 1140 2302 1140 2302 1142 2302 1160 2307 1190 2316 1233 2307 1247 2304 1247 2304 1247 2304 1249 2304 1249 2304 1268 2307 1327 2313 1361 2304 1382 2300 1384 2300 1384 2300 1386 2300 1386 2300 1389 2300 1407 2304 1446 2313 1514 2302 1539 2300 1539 2300 1542 2300 1542 2300 1542 2300 1560 2302 1622 2313 1709 2300 1736 2297 1736 2297 1738 2297 1919 2297 1919 2297 1919 2297 1926 2297 1985 2311 2051 2297 2058 2350 2056 2384 1656 2384 1654 2382 1654 2382 1651 2382 1651 2382 1651 2382 1651 2382 1649 2382 1633 2370 1599 2382 1590 2384 1587 2384 1587 2384 1587 2384 1585 2384 1523 2382 1359 2373 1261 2382 1192 2386 1190 2386 326 2377"/></Shape>
	    <String CONTENT="certain député, je ne veux que l&#39;union la paix et la concorde, suivis du Calme et de"
                    HPOS="324"
                    VPOS="2297"
                    WIDTH="1734"
                    HEIGHT="89"></String>
          </TextLine>

          
          
          <TextLine ID="eSc_line_bca7549a"
                    
                    BASELINE="326 2430 1473 2430" 
                    HPOS="324"
                    VPOS="2368"
                    WIDTH="1152"
                    HEIGHT="80">
            <Shape><Polygon POINTS="326 2430 324 2384 562 2368 564 2368 564 2368 564 2368 566 2368 566 2368 600 2384 925 2384 945 2368 948 2368 948 2368 948 2368 950 2368 950 2368 952 2368 1414 2368 1414 2368 1414 2368 1416 2368 1476 2384 1473 2430 1471 2448 324 2439"/></Shape>
	    <String CONTENT="la tranquillité ; nous serons donc bientot d&#39;accord."
                    HPOS="324"
                    VPOS="2368"
                    WIDTH="1152"
                    HEIGHT="80"></String>
          </TextLine>

          
          
          <TextLine ID="eSc_line_419c01e8"
                    
                    BASELINE="333 2503 2079 2524" 
                    HPOS="331"
                    VPOS="2441"
                    WIDTH="1748"
                    HEIGHT="110">
            <Shape><Polygon POINTS="333 2503 331 2448 450 2444 452 2444 452 2444 452 2444 454 2444 472 2450 498 2457 523 2450 557 2441 559 2441 559 2441 562 2441 562 2441 562 2441 564 2441 564 2441 589 2453 616 2466 875 2466 909 2457 955 2446 957 2446 957 2446 959 2446 959 2446 961 2446 1014 2460 1051 2471 1240 2471 1249 2464 1261 2455 1261 2455 1263 2455 1263 2455 1263 2455 1265 2455 1265 2455 1268 2455 1268 2455 1268 2455 1270 2455 1270 2455 1293 2464 1311 2476 1485 2476 1496 2469 1517 2457 1517 2457 1517 2457 1519 2457 1519 2457 1519 2457 1521 2457 1521 2457 1603 2471 1608 2471 1608 2471 1633 2453 1635 2453 1635 2453 1635 2453 1638 2453 1638 2453 1638 2453 1640 2453 1640 2453 1736 2466 1766 2455 1766 2455 1768 2455 1768 2455 1770 2455 2031 2457 2031 2457 2031 2457 2033 2457 2033 2457 2033 2457 2079 2480 2079 2524 2076 2537 1971 2551 1971 2551 1969 2551 1969 2551 1967 2551 1967 2551 1967 2551 1942 2537 1798 2537 1770 2549 1770 2549 1768 2549 1768 2549 1768 2549 1766 2549 1569 2535 1535 2546 1535 2546 1533 2546 1533 2546 1530 2546 1530 2546 1530 2546 1528 2546 1528 2546 1498 2535 916 2539 913 2539 331 2519"/></Shape>
	    <String CONTENT="A bientot, Monsieur ; a aujourd&#39;hui si vous le pouvez. Mille amitiés à tout le monde"
                    HPOS="331"
                    VPOS="2441"
                    WIDTH="1748"
                    HEIGHT="110"></String>
          </TextLine>

          
        </TextBlock>
        
        <TextBlock HPOS="904"
                   VPOS="301"
                   WIDTH="967"
                   HEIGHT="278"
                   ID="eSc_textblock_f9a7db21"
                   TAGREFS="BT1">
          <Shape><Polygon POINTS="1551 557 1624 575 1624 579 1048 579 1048 564 932 555 904 520 950 447 1105 436 1014 408 1105 301 1377 310 1432 365 1432 445 1480 465 1871 502 1843 555"/></Shape>
          
          
          <TextLine ID="eSc_line_2c5a6bd9"
                    
                    BASELINE="1064 392 1402 399" 
                    HPOS="1060"
                    VPOS="306"
                    WIDTH="345"
                    HEIGHT="112">
            <Shape><Polygon POINTS="1064 392 1064 344 1156 344 1158 344 1192 317 1192 317 1194 317 1194 317 1197 317 1197 317 1286 306 1286 306 1288 306 1288 306 1290 306 1290 306 1405 349 1402 399 1400 413 1140 418 1137 418 1137 418 1060 402"/></Shape>
	    <String CONTENT="Lettre"
                    HPOS="1060"
                    VPOS="306"
                    WIDTH="345"
                    HEIGHT="112"></String>
          </TextLine>

          
          
          <TextLine ID="eSc_line_036a8e43"
                    
                    BASELINE="913 532 1848 525" 
                    HPOS="909"
                    VPOS="449"
                    WIDTH="944"
                    HEIGHT="115">
            <Shape><Polygon POINTS="913 532 909 491 950 488 991 452 991 452 993 452 993 452 993 452 996 452 996 452 996 452 998 452 998 452 1000 452 1078 472 1105 452 1108 452 1108 452 1108 452 1110 452 1110 452 1110 452 1112 452 1112 452 1224 470 1252 449 1254 449 1254 449 1254 449 1256 449 1256 449 1258 449 1343 449 1343 449 1343 449 1345 449 1345 449 1345 449 1348 449 1402 484 1434 465 1434 465 1434 465 1437 465 1437 465 1439 465 1439 465 1439 465 1517 481 1537 465 1537 463 1537 463 1539 463 1539 463 1542 463 1542 463 1542 463 1544 463 1544 463 1546 463 1546 463 1546 463 1583 484 1823 484 1848 525 1853 543 1830 559 1827 559 1827 559 1827 559 1825 559 1825 559 1825 559 1823 559 1823 559 1734 545 1715 559 1713 559 1713 559 1713 559 1711 559 1711 559 1711 561 1606 561 1603 559 1603 559 1601 559 1565 548 1553 545 1539 548 1482 561 1482 561 1482 564 1313 564 1311 561 1311 561 1270 552 1231 545 955 545 916 559"/></Shape>
	    <String CONTENT="A Mr Prou (au chateau de Liedberg)"
                    HPOS="909"
                    VPOS="449"
                    WIDTH="944"
                    HEIGHT="115"></String>
          </TextLine>

          
        </TextBlock>
        
        <TextBlock HPOS="1626"
                   VPOS="618"
                   WIDTH="491"
                   HEIGHT="60"
                   ID="eSc_textblock_7a6761ae"
                   TAGREFS="BT10">
          <Shape><Polygon POINTS="1626 618 1626 678 2117 678 2117 618"/></Shape>
          
          
          <TextLine ID="eSc_line_7878f813"
                    
                    BASELINE="1651 676 2099 671" 
                    HPOS="1645"
                    VPOS="616"
                    WIDTH="454"
                    HEIGHT="85">
            <Shape><Polygon POINTS="1651 676 1645 630 1681 616 1681 616 1683 616 1683 616 1686 616 1686 616 1686 616 1688 616 1688 616 1715 628 1715 628 1720 628 1798 616 1798 616 1800 616 2095 621 2099 671 2099 698 1985 701 1983 701 1983 701 1980 701 1980 701 1980 701 1978 701 1978 701 1978 698 1974 696 1964 687 1939 696 1935 696 1932 696 1932 696 1932 696 1930 696 1930 696 1928 696 1923 696 1875 682 1814 692 1773 698 1773 698 1770 698 1770 698 1770 698 1768 698 1768 698 1752 692 1738 685 1727 689 1706 698 1706 698 1704 698 1704 698 1702 698 1702 698 1702 698 1649 687"/></Shape>
	    <String CONTENT="Dyck, le 10 août, 1816."
                    HPOS="1645"
                    VPOS="616"
                    WIDTH="454"
                    HEIGHT="85"></String>
          </TextLine>

          
        </TextBlock>
        
        <TextBlock HPOS="2309"
                   VPOS="274"
                   WIDTH="300"
                   HEIGHT="171"
                   ID="eSc_textblock_4b422c4f"
                   TAGREFS="BT7">
          <Shape><Polygon POINTS="2364 301 2538 274 2609 292 2609 363 2319 445 2309 392"/></Shape>
          
          
          <TextLine ID="eSc_line_354808e0"
                    
                    BASELINE="2383 356 2398 356 2456 322" 
                    HPOS="2364"
                    VPOS="278"
                    WIDTH="108"
                    HEIGHT="142">
            <Shape><Polygon POINTS="2380 354 2364 306 2426 278 2453 319 2472 347 2419 420"/></Shape>
	    <String CONTENT="1816"
                    HPOS="2364"
                    VPOS="278"
                    WIDTH="108"
                    HEIGHT="142"></String>
          </TextLine>

          
          
          <TextLine ID="eSc_line_46a59716"
                    
                    BASELINE="2347 441 2362 423 2420 389 2438 386 2456 377 2475 377 2511 362 2517 353 2529 353 2581 322" 
                    HPOS="2293"
                    VPOS="251"
                    WIDTH="295"
                    HEIGHT="212">
            <Shape><Polygon POINTS="2346 440 2293 360 2323 358 2332 342 2351 310 2351 308 2351 308 2353 308 2353 306 2353 306 2355 306 2355 306 2355 306 2357 306 2396 299 2415 276 2417 276 2417 274 2417 274 2419 274 2419 274 2447 262 2447 262 2449 262 2449 262 2449 262 2451 262 2451 262 2453 262 2490 271 2499 274 2536 251 2579 319 2588 331 2549 367 2549 370 2549 370 2547 370 2355 463"/></Shape>
	    <String CONTENT="(de Mr Clavier)"
                    HPOS="2293"
                    VPOS="251"
                    WIDTH="295"
                    HEIGHT="212"></String>
          </TextLine>

          
        </TextBlock>
        
        <TextBlock HPOS="2355"
                   VPOS="706"
                   WIDTH="1826"
                   HEIGHT="1758"
                   ID="eSc_textblock_7fb71fb8"
                   TAGREFS="BT2">
          <Shape><Polygon POINTS="4135 1432 4181 1596 4172 1907 4108 2147 4144 2418 4108 2464 2355 2455 2364 758 2439 706 3617 706 3617 711 4135 711"/></Shape>
          
          
          <TextLine ID="eSc_line_575a74cb"
                    
                    BASELINE="2435 760 4046 751" 
                    HPOS="2431"
                    VPOS="689"
                    WIDTH="1615"
                    HEIGHT="94">
            <Shape><Polygon POINTS="2435 760 2431 703 2495 696 2495 696 2497 696 2497 696 2499 696 2499 696 2517 703 2547 712 2609 703 2650 696 2650 696 2652 696 2652 696 2652 696 2655 696 2655 696 2657 696 2666 703 2684 714 2833 714 2894 703 2958 694 2958 694 2961 694 2961 694 2961 694 2963 694 2963 694 2986 703 3004 712 3143 712 3164 703 3198 694 3201 694 3201 694 3201 694 3203 694 3326 705 3370 708 3377 705 3402 692 3402 692 3402 692 3404 692 3404 692 3406 692 3696 703 3806 689 3806 689 3808 689 3808 689 3811 689 3811 689 3811 689 3813 689 3838 705 3893 694 3893 694 3893 694 3895 694 4041 708 4046 751 4046 760 4000 774 3998 774 3998 774 3996 774 3685 767 3598 765 3589 767 3564 776 3564 776 3562 776 3562 776 3559 776 3559 776 3557 776 3557 776 3557 776 3541 769 3534 765 3527 769 3516 776 3514 776 3514 776 3514 776 3511 776 3511 776 3509 776 3292 772 3063 767 3036 776 3025 778 3022 778 3022 778 3022 778 3020 778 3020 778 2995 776 2922 767 2858 778 2837 781 2837 781 2835 781 2773 778 2522 769 2435 783"/></Shape>
	    <String CONTENT="Je n&#39;ai rien pu faire pour votre protégé, ma belle Dame, et je"
                    HPOS="2431"
                    VPOS="689"
                    WIDTH="1615"
                    HEIGHT="94"></String>
          </TextLine>

          
          
          <TextLine ID="eSc_line_2143ffed"
                    
                    BASELINE="2362 833 4094 824" 
                    HPOS="2353"
                    VPOS="765"
                    WIDTH="1741"
                    HEIGHT="89">
            <Shape><Polygon POINTS="2362 833 2353 790 2383 772 2385 772 2385 772 2385 772 2387 772 2387 772 2389 772 2389 772 2389 772 2453 783 2492 772 2495 772 2495 772 2495 772 2497 772 2497 772 2499 772 2499 772 2499 772 2501 772 2501 772 2520 788 2609 788 2639 772 2639 772 2639 772 2641 772 2641 772 2641 772 2643 772 2643 772 2737 785 2792 769 2794 769 2794 769 2794 769 2796 769 2796 769 2878 783 2945 769 2945 769 2945 769 2947 769 3221 783 3306 767 3306 767 3306 767 3308 767 3308 767 3395 781 3555 767 3555 767 3557 767 3708 778 3726 765 3726 765 3728 765 3728 765 3728 765 3731 765 3731 765 3733 765 3733 765 3733 765 3735 765 3735 765 3738 765 3760 778 3822 765 3822 765 3822 765 3824 765 4089 781 4094 824 4094 831 4053 845 4051 845 4051 845 4051 845 4048 845 3822 836 3754 833 3690 838 3552 847 3550 847 3550 847 3493 840 3443 833 3420 840 3402 847 3402 847 3399 847 3399 847 3397 847 3397 847 3397 847 3395 847 3395 847 3393 847 3393 847 3386 840 3379 836 3367 842 3361 845 3361 845 3361 845 3358 845 3358 845 3356 845 3356 845 3326 842 3255 833 3201 845 3169 849 3169 849 3166 849 3166 849 3166 849 3139 845 3093 836 3061 845 3050 849 3047 849 3047 849 3047 849 3045 849 2995 847 2842 836 2700 849 2680 851 2680 851 2677 851 2677 851 2675 851 2670 851 2629 838 2607 851 2604 851 2604 851 2604 851 2602 851 2602 851 2602 851 2600 851 2600 851 2595 851 2497 838 2362 854"/></Shape>
	    <String CONTENT="l&#39;avais averti que s&#39;il n&#39;avait pas pour lui Quatremère de Quincy, et"
                    HPOS="2353"
                    VPOS="765"
                    WIDTH="1741"
                    HEIGHT="89"></String>
          </TextLine>

          
          
          <TextLine ID="eSc_line_ce1838c8"
                    
                    BASELINE="2367 895 4080 886" 
                    HPOS="2360"
                    VPOS="826"
                    WIDTH="1720"
                    HEIGHT="89">
            <Shape><Polygon POINTS="2367 895 2360 856 2401 833 2401 833 2401 833 2403 833 2403 833 2405 833 2488 833 2488 833 2488 833 2490 833 2490 833 2492 833 2515 847 2595 833 2595 833 2597 833 2597 833 2597 833 2600 833 2641 847 2657 833 2657 833 2659 833 2659 833 2659 833 2661 833 2661 833 2664 833 2664 833 2664 833 2721 845 2826 831 2826 831 2828 831 2828 831 2830 831 2906 849 2970 838 2970 838 2970 838 2972 838 2972 838 3063 849 3093 831 3095 831 3095 831 3098 831 3098 831 3098 831 3221 829 3223 829 3223 829 3226 829 3226 829 3226 829 3228 829 3253 847 3294 833 3297 833 3297 833 3297 833 3299 833 3299 833 3301 833 3301 833 3338 847 3338 849 3491 849 3495 847 3539 831 3541 831 3541 831 3541 831 3543 831 3543 831 3546 831 3546 831 3584 847 3589 847 3712 847 3715 845 3751 826 3751 826 3751 826 3754 826 3754 826 3756 826 3756 826 3756 826 3758 826 3815 845 3820 847 3991 847 3998 842 4032 829 4032 829 4035 829 4035 829 4035 829 4037 829 4037 829 4037 829 4039 829 4078 842 4080 886 4078 899 2367 915"/></Shape>
	    <String CONTENT="Silvestre de Sucy, il ne réussirait pas. Nous nous donnons les"
                    HPOS="2360"
                    VPOS="826"
                    WIDTH="1720"
                    HEIGHT="89"></String>
          </TextLine>

          
          
          <TextLine ID="eSc_line_a4127fce"
                    
                    BASELINE="2369 970 2933 959 4131 959" 
                    HPOS="2364"
                    VPOS="899"
                    WIDTH="1767"
                    HEIGHT="85">
            <Shape><Polygon POINTS="2369 970 2364 918 2481 904 2481 904 2483 904 2483 904 2485 904 2485 904 2515 915 2524 920 2552 915 2636 904 2636 904 2639 904 2639 904 2641 904 2641 904 2641 904 2643 904 2643 904 2657 915 2664 922 2798 922 2846 915 2986 902 2988 902 2988 902 3098 913 3134 902 3137 902 3137 902 3139 902 3377 902 3377 902 3377 902 3379 902 3379 902 3379 902 3381 902 3381 902 3397 915 3402 918 3484 915 3724 906 3726 906 3934 915 3975 915 3980 915 4028 899 4030 899 4030 899 4030 899 4032 899 4032 899 4128 915 4131 959 4128 979 3717 968 3623 979 3607 982 3607 982 3605 982 3571 979 3397 970 3377 979 3374 982 3374 982 3374 982 3372 982 3372 982 3372 982 3370 982 3370 982 3367 982 3367 982 3363 979 3333 970 3242 979 3223 982 3223 982 3221 982 3221 982 3219 982 3219 982 3214 979 3185 970 3036 970 3002 979 2990 984 2988 984 2988 984 2988 984 2986 984 2986 984 2984 984 2984 984 2974 979 2952 973 2908 979 2885 984 2885 984 2883 984 2883 984 2851 979 2789 973 2750 979 2730 984 2730 984 2728 984 2367 979"/></Shape>
	    <String CONTENT="airs de faire omme les assemblées politiques, nous avons une majorité et"
                    HPOS="2364"
                    VPOS="899"
                    WIDTH="1767"
                    HEIGHT="85"></String>
          </TextLine>

          
          
          <TextLine ID="eSc_line_edc183a9"
                    
                    BASELINE="2362 1032 4105 1027" 
                    HPOS="2360"
                    VPOS="970"
                    WIDTH="1748"
                    HEIGHT="78">
            <Shape><Polygon POINTS="2362 1032 2360 979 2591 989 2673 979 2737 973 2737 973 2739 973 2739 973 2780 979 2824 989 2853 979 2881 973 2883 973 2883 973 2883 973 2885 973 2885 973 2888 973 2888 973 2888 973 2890 973 2890 973 2899 979 2910 991 3018 991 3034 982 3052 973 3052 973 3052 973 3054 973 3054 973 3054 973 3057 973 3173 982 3212 984 3217 982 3230 970 3230 970 3233 970 3233 970 3233 970 3235 970 3235 970 3237 970 3370 970 3370 970 3370 970 3372 970 3372 970 3372 970 3374 970 3374 970 3388 982 3395 989 3463 989 3470 982 3484 970 3484 970 3486 970 3486 970 3486 970 3488 970 3488 970 3491 970 3658 970 3658 970 3658 970 3724 984 3735 986 3740 984 3756 970 3756 970 3758 970 3758 970 3758 970 3760 970 3760 970 3760 970 3763 970 3763 970 3852 984 3872 986 4099 986 4105 1027 4108 1034 4062 1048 4060 1048 4060 1048 4057 1048 2360 1041"/></Shape>
	    <String CONTENT="une minorité, et je suis de cete dernière. On est arrivé ave une"
                    HPOS="2360"
                    VPOS="970"
                    WIDTH="1748"
                    HEIGHT="78"></String>
          </TextLine>

          
          
          <TextLine ID="eSc_line_9175f85f"
                    
                    BASELINE="2371 1105 4085 1089" 
                    HPOS="2364"
                    VPOS="1030"
                    WIDTH="1721"
                    HEIGHT="93">
            <Shape><Polygon POINTS="2371 1105 2364 1059 2401 1043 2401 1043 2403 1043 2403 1043 2403 1043 2405 1043 2405 1043 2501 1057 2504 1057 2504 1057 2620 1046 2620 1046 2623 1046 2623 1046 2625 1046 2625 1046 2625 1046 2648 1057 2648 1057 2648 1057 2677 1043 2677 1043 2680 1043 2680 1043 2680 1043 2682 1043 2682 1043 2684 1043 2684 1043 2716 1057 2718 1057 2721 1057 2744 1041 2746 1041 2746 1041 2748 1041 2748 1041 2748 1041 2750 1041 2942 1053 3102 1037 3102 1037 3105 1037 3105 1037 3107 1037 3164 1053 3196 1037 3196 1037 3196 1037 3198 1037 3198 1037 3198 1037 3201 1037 3418 1048 3438 1034 3440 1034 3440 1034 3440 1034 3443 1034 3443 1034 3443 1034 3445 1034 3445 1034 3447 1034 3447 1034 3447 1034 3450 1034 3450 1034 3470 1050 3470 1053 3548 1053 3548 1050 3589 1032 3589 1032 3589 1032 3591 1032 3591 1032 3594 1032 3594 1032 3594 1032 3596 1032 3596 1032 3596 1032 3619 1043 3674 1032 3674 1032 3674 1032 3676 1032 3676 1032 3678 1032 3678 1032 3678 1032 3712 1050 3765 1050 3831 1050 3833 1048 3900 1030 3902 1030 3902 1030 3904 1030 3904 1030 4080 1048 4085 1089 4083 1107 2371 1123"/></Shape>
	    <String CONTENT="liste convenue et le scrutin n&#39;a éte que pour la forme, aussi vous"
                    HPOS="2364"
                    VPOS="1030"
                    WIDTH="1721"
                    HEIGHT="93"></String>
          </TextLine>

          
          
          <TextLine ID="eSc_line_7672e079"
                    
                    BASELINE="2369 1167 4124 1162" 
                    HPOS="2367"
                    VPOS="1103"
                    WIDTH="1757"
                    HEIGHT="80">
            <Shape><Polygon POINTS="2369 1167 2367 1112 2492 1119 2513 1112 2531 1105 2531 1105 2533 1105 2533 1105 2536 1105 2536 1105 2597 1112 2659 1119 2673 1112 2686 1105 2686 1105 2686 1105 2689 1105 2689 1105 2691 1105 2691 1105 2691 1105 2728 1112 2750 1116 2819 1112 2942 1105 2945 1105 2945 1105 2945 1105 2947 1105 2947 1105 2968 1114 2984 1121 3239 1121 3249 1114 3271 1103 3271 1103 3271 1103 3274 1103 3274 1103 3276 1103 3418 1103 3418 1103 3418 1103 3420 1103 3420 1103 3422 1103 3443 1114 3445 1116 3470 1116 3639 1103 3642 1103 3642 1103 3642 1103 3644 1103 3644 1103 3644 1103 3646 1103 3646 1103 3662 1116 3664 1119 3877 1119 3877 1116 3891 1105 3891 1105 3893 1105 3893 1105 3893 1105 3895 1105 3895 1105 3895 1105 3897 1105 3897 1105 3900 1105 3900 1105 3900 1105 3902 1105 3902 1105 3918 1116 3918 1119 3998 1119 4039 1119 4069 1103 4069 1103 4069 1103 4071 1103 4071 1103 4073 1103 4073 1103 4073 1103 4076 1103 4121 1119 4124 1162 4119 1183 2367 1176"/></Shape>
	    <String CONTENT="avez du voir par les journaux, les beaux choix que nous avons faits."
                    HPOS="2367"
                    VPOS="1103"
                    WIDTH="1757"
                    HEIGHT="80"></String>
          </TextLine>

          
          
          <TextLine ID="eSc_line_158c2fc5"
                    
                    BASELINE="2369 1233 4099 1228" 
                    HPOS="2364"
                    VPOS="1169"
                    WIDTH="1735"
                    HEIGHT="87">
            <Shape><Polygon POINTS="2369 1233 2364 1185 2586 1171 2588 1171 2588 1171 2588 1171 2648 1185 2655 1185 2664 1185 2741 1171 2741 1171 2744 1171 2744 1171 2744 1171 2746 1171 2794 1185 2798 1185 2801 1185 2830 1171 2830 1171 2833 1171 2833 1171 2833 1171 2835 1171 2835 1171 2945 1185 2956 1185 2970 1185 3116 1171 3118 1171 3118 1171 3118 1171 3180 1185 3194 1187 3219 1185 3315 1174 3315 1174 3317 1174 3504 1185 3514 1185 3516 1185 3559 1169 3559 1169 3562 1169 3562 1169 3564 1169 3564 1169 3564 1169 3566 1169 3614 1183 3728 1169 3728 1169 3731 1169 3731 1169 3731 1169 3733 1169 3733 1169 3772 1185 3772 1185 3774 1185 3929 1174 3932 1174 3932 1174 3932 1174 3934 1174 3934 1174 3934 1174 3936 1174 3936 1174 3950 1185 3950 1187 4094 1187 4099 1228 4094 1249 3980 1240 3952 1251 3950 1251 3950 1251 3948 1251 3948 1251 3948 1254 3733 1254 3731 1251 3731 1251 3726 1251 3653 1240 3598 1251 3596 1251 3596 1251 3596 1251 3594 1251 3594 1251 3591 1251 3475 1240 3351 1251 3351 1251 3349 1251 3349 1251 3347 1251 3347 1251 3347 1251 3324 1240 3294 1251 3294 1251 3292 1251 3292 1251 3290 1251 3290 1251 3290 1251 3287 1251 3244 1240 3191 1251 3191 1251 3191 1251 3189 1251 2748 1242 2709 1254 2707 1254 2707 1254 2707 1256 2476 1256 2474 1254 2474 1254 2472 1254 2431 1242 2369 1256"/></Shape>
	    <String CONTENT="En général l&#39;Institut est divisé en deux parties, l&#39;un qui tient au"
                    HPOS="2364"
                    VPOS="1169"
                    WIDTH="1735"
                    HEIGHT="87"></String>
          </TextLine>

          
          
          <TextLine ID="eSc_line_bca189b6"
                    
                    BASELINE="2373 1299 4112 1295" 
                    HPOS="2367"
                    VPOS="1233"
                    WIDTH="1745"
                    HEIGHT="89">
            <Shape><Polygon POINTS="2373 1299 2367 1258 2415 1235 2415 1235 2415 1235 2417 1235 2417 1235 2419 1235 2563 1235 2563 1235 2563 1235 2657 1254 2659 1254 2659 1254 2760 1235 2760 1235 2762 1235 2849 1235 2849 1235 2849 1235 2851 1235 2851 1235 2851 1235 2853 1235 2853 1235 2872 1251 2874 1254 2881 1251 2929 1235 2931 1235 2931 1235 2933 1235 3059 1235 3059 1235 3059 1235 3061 1235 3061 1235 3093 1249 3107 1254 3150 1249 3249 1235 3249 1235 3251 1235 3251 1235 3251 1235 3253 1235 3253 1235 3281 1247 3292 1251 3301 1247 3324 1235 3324 1235 3324 1235 3326 1235 3326 1235 3326 1235 3329 1235 3329 1235 3331 1235 3331 1235 3358 1247 3377 1251 3424 1244 3463 1240 3463 1240 3466 1240 3466 1240 3504 1244 3568 1251 3582 1242 3598 1233 3600 1233 3600 1233 3600 1233 3603 1233 3603 1233 3605 1233 3651 1233 3651 1233 3651 1233 3653 1233 3653 1233 3653 1233 3655 1233 3667 1242 3683 1254 4012 1254 4032 1238 4035 1238 4035 1238 4035 1238 4035 1238 4037 1238 4037 1238 4039 1238 4108 1238 4112 1295 4110 1304 3991 1317 3991 1317 3989 1317 3989 1317 3987 1317 3987 1317 3987 1317 3964 1306 3964 1306 3961 1306 3939 1317 3939 1317 3939 1317 3936 1317 3936 1317 3934 1317 3934 1317 3829 1308 3801 1306 3756 1308 3628 1317 3626 1317 3626 1317 3626 1317 3623 1317 3596 1311 3575 1306 3550 1311 3511 1317 3511 1317 3509 1317 3509 1317 3509 1317 3477 1311 3450 1306 3427 1313 3409 1317 3406 1317 3406 1317 3404 1317 3258 1313 3057 1308 3016 1315 2995 1320 2995 1320 2993 1320 2993 1320 2961 1317 2883 1308 2771 1308 2757 1320 2757 1320 2757 1320 2755 1320 2755 1320 2755 1320 2753 1320 2753 1320 2753 1320 2750 1320 2712 1320 2442 1311 2373 1322"/></Shape>
	    <String CONTENT="titre d&#39;Institut, l&#39;autre qui est désolé qu&#39;on l&#39;ait conservé. A la"
                    HPOS="2367"
                    VPOS="1233"
                    WIDTH="1745"
                    HEIGHT="89"></String>
          </TextLine>

          
          
          <TextLine ID="eSc_line_a6811ac4"
                    
                    BASELINE="2369 1370 4117 1363" 
                    HPOS="2364"
                    VPOS="1297"
                    WIDTH="1753"
                    HEIGHT="94">
            <Shape><Polygon POINTS="2369 1370 2364 1311 2497 1304 2499 1304 2499 1304 2499 1304 2501 1304 2501 1304 2517 1311 2540 1320 2554 1311 2565 1301 2568 1301 2568 1301 2568 1301 2570 1301 2570 1301 2572 1301 2634 1301 2634 1301 2634 1301 2636 1301 2636 1301 2636 1301 2655 1311 2673 1322 2842 1322 2860 1311 2883 1301 2883 1301 2885 1301 2885 1301 2885 1301 2888 1301 2888 1301 2888 1301 2890 1301 2920 1311 2942 1320 2961 1313 2988 1299 2988 1299 2990 1299 2990 1299 2990 1299 2993 1299 2993 1299 3089 1313 3098 1313 3100 1313 3127 1299 3127 1299 3127 1299 3130 1299 3130 1299 3132 1299 3313 1299 3313 1299 3313 1299 3315 1299 3315 1299 3315 1299 3317 1299 3317 1299 3333 1313 3340 1320 3374 1320 3404 1313 3495 1299 3495 1299 3498 1299 3498 1299 3498 1299 3500 1299 3500 1299 3500 1299 3502 1299 3523 1313 3527 1317 3738 1317 3740 1315 3772 1304 3774 1304 3774 1304 3774 1304 3776 1304 3776 1304 3845 1315 3852 1315 3856 1315 3973 1297 3973 1297 3975 1297 3975 1297 3975 1297 3977 1297 3977 1297 4023 1315 4023 1317 4112 1317 4117 1363 4112 1384 3788 1372 3710 1384 3710 1384 3708 1384 3491 1375 3470 1386 3468 1386 3468 1386 3466 1386 3466 1386 3466 1386 3463 1386 3139 1375 3089 1386 3086 1386 3086 1386 3084 1386 3084 1386 2958 1375 2833 1388 2833 1388 2830 1388 2648 1377 2369 1391"/></Shape>
	    <String CONTENT="tête de ce dernier parti est l&#39;Académie française qui est bien per-"
                    HPOS="2364"
                    VPOS="1297"
                    WIDTH="1753"
                    HEIGHT="94"></String>
          </TextLine>

          
          
          <TextLine ID="eSc_line_b5bd62af"
                    
                    BASELINE="2373 1436 4110 1427" 
                    HPOS="2369"
                    VPOS="1368"
                    WIDTH="1741"
                    HEIGHT="87">
            <Shape><Polygon POINTS="2373 1436 2369 1393 2463 1375 2463 1375 2465 1375 2465 1375 2465 1375 2531 1388 2851 1372 2853 1372 2853 1372 2853 1372 2915 1384 2920 1384 2926 1384 3034 1372 3034 1372 3036 1372 3036 1372 3038 1372 3070 1381 3089 1386 3105 1381 3130 1375 3132 1375 3132 1375 3134 1375 3134 1375 3134 1375 3137 1375 3137 1375 3137 1375 3148 1381 3159 1386 3180 1381 3207 1372 3210 1372 3210 1372 3210 1372 3212 1372 3303 1379 3377 1384 3386 1377 3393 1370 3393 1370 3393 1370 3395 1370 3395 1370 3397 1370 3397 1370 3397 1370 3399 1370 3399 1370 3399 1370 3402 1370 3402 1370 3418 1377 3436 1384 3461 1377 3482 1370 3484 1370 3484 1370 3484 1370 3486 1370 3486 1370 3488 1370 3488 1370 3504 1375 3527 1384 3559 1375 3578 1370 3580 1370 3580 1370 3582 1370 3582 1370 3584 1370 3603 1375 3644 1384 3747 1372 3756 1372 3756 1372 3758 1372 3774 1372 4060 1381 4101 1368 4110 1427 4105 1445 3685 1436 3648 1448 3646 1448 3646 1448 3646 1448 3644 1448 2828 1441 2785 1452 2782 1452 2782 1452 2780 1452 2533 1443 2373 1455"/></Shape>
	    <String CONTENT="suadée que toute la gloire littéraire de la France repose sur elle."
                    HPOS="2369"
                    VPOS="1368"
                    WIDTH="1741"
                    HEIGHT="87"></String>
          </TextLine>

          
          
          <TextLine ID="eSc_line_09c9eda2"
                    
                    BASELINE="2367 1502 4062 1491" 
                    HPOS="2364"
                    VPOS="1434"
                    WIDTH="1698"
                    HEIGHT="89">
            <Shape><Polygon POINTS="2367 1502 2364 1443 2543 1443 2543 1443 2543 1443 2545 1443 2545 1443 2545 1443 2547 1443 2568 1457 2579 1445 2579 1445 2581 1445 2581 1445 2581 1445 2584 1445 2584 1445 2586 1445 2586 1445 2586 1445 2650 1457 2700 1443 2709 1441 2712 1441 2712 1441 2714 1441 2714 1441 2714 1441 2730 1443 2792 1455 2830 1443 2840 1441 2842 1441 2842 1441 2842 1441 2844 1441 2844 1441 2844 1441 2860 1443 2910 1455 2974 1443 2984 1443 2984 1443 2986 1443 2986 1443 2986 1443 2988 1443 2990 1443 3025 1455 3297 1455 3306 1445 3313 1439 3313 1439 3315 1439 3315 1439 3315 1439 3317 1439 3317 1439 3317 1439 3319 1439 3395 1445 3459 1450 3468 1445 3479 1436 3482 1436 3482 1436 3482 1436 3484 1436 3484 1436 3486 1436 3486 1436 3486 1436 3527 1445 3552 1450 3589 1445 3658 1436 3658 1436 3660 1436 3660 1436 3660 1436 3662 1436 3662 1436 3662 1436 3664 1436 3676 1445 3685 1450 3888 1450 3897 1445 3945 1434 3948 1434 3948 1434 3950 1434 3950 1434 4057 1448 4062 1491 4062 1500 3342 1516 3340 1516 3340 1516 3310 1512 3271 1505 3253 1512 3242 1516 3242 1516 3239 1516 3239 1516 3239 1516 3043 1518 3041 1518 2924 1516 2613 1509 2538 1521 2536 1521 2536 1521 2533 1521 2533 1521 2531 1521 2424 1509 2369 1523"/></Shape>
	    <String CONTENT="L&#39;Académie des sciences est en général du parti qui veut-être"
                    HPOS="2364"
                    VPOS="1434"
                    WIDTH="1698"
                    HEIGHT="89"></String>
          </TextLine>

          
          
          <TextLine ID="eSc_line_6b95598e"
                    
                    BASELINE="2399 1569 3639 1557 4174 1569" 
                    HPOS="2394"
                    VPOS="1493"
                    WIDTH="1780"
                    HEIGHT="94">
            <Shape><Polygon POINTS="2399 1569 2394 1509 2575 1500 2577 1500 2577 1500 2634 1509 2677 1514 2766 1509 2920 1498 2922 1498 2922 1498 2922 1498 2924 1498 2924 1498 2947 1509 2956 1512 2968 1509 2993 1500 2995 1500 2995 1500 2995 1500 2997 1500 3134 1509 3201 1512 3221 1509 3274 1498 3274 1498 3274 1498 3276 1498 3276 1498 3335 1509 3354 1512 3361 1509 3372 1498 3372 1498 3374 1498 3374 1498 3377 1498 3377 1498 3377 1498 3468 1496 3470 1496 3470 1496 3470 1496 3527 1509 3534 1509 3541 1509 3575 1498 3578 1498 3578 1498 3580 1498 3888 1509 3945 1509 3957 1509 4014 1498 4014 1498 4014 1498 4016 1498 4016 1498 4019 1498 4019 1498 4046 1507 4069 1493 4071 1493 4071 1493 4073 1493 4073 1493 4073 1493 4076 1493 4076 1493 4172 1509 4174 1569 4172 1580 3950 1566 3893 1580 3891 1580 3891 1580 3888 1580 3639 1569 3607 1582 3607 1582 3605 1582 3605 1582 3605 1582 3605 1582 3603 1582 3603 1582 3603 1582 3603 1582 3600 1582 3600 1582 3600 1582 3578 1571 3488 1582 3488 1582 3486 1582 3486 1582 3484 1582 3434 1569 3415 1582 3415 1585 3415 1585 3415 1585 3413 1585 3413 1585 3411 1585 3411 1585 3411 1585 3409 1585 3409 1585 3406 1585 3406 1585 3406 1585 3404 1585 3404 1585 3404 1585 3388 1571 3335 1585 3333 1585 3331 1585 3331 1585 3329 1585 3329 1585 3322 1585 3237 1571 3162 1585 3159 1585 3159 1585 3159 1585 3157 1585 3157 1585 3155 1585 3155 1585 3155 1585 3155 1585 3153 1585 3153 1585 3137 1571 3109 1582 3109 1582 3107 1582 3107 1582 3107 1582 3105 1582 2938 1571 2399 1587"/></Shape>
	    <String CONTENT="Institut. Mais si Dieu prête prête vie à certaines personnes, elles viendront"
                    HPOS="2394"
                    VPOS="1493"
                    WIDTH="1780"
                    HEIGHT="94"></String>
          </TextLine>

          
          
          <TextLine ID="eSc_line_d4f6f6a2"
                    
                    BASELINE="2376 1642 3463 1626 4108 1628" 
                    HPOS="2371"
                    VPOS="1557"
                    WIDTH="1737"
                    HEIGHT="101">
            <Shape><Polygon POINTS="2376 1642 2371 1596 2506 1573 2506 1573 2508 1573 2508 1573 2508 1573 2597 1592 2673 1571 2675 1571 2675 1571 2677 1571 2677 1571 2789 1582 2846 1569 2849 1569 2849 1569 2851 1569 2851 1569 2851 1569 2853 1569 2890 1580 3052 1569 3054 1569 3054 1569 3054 1569 3057 1569 3111 1587 3260 1587 3598 1562 3600 1562 3696 1562 3696 1562 3696 1562 3699 1562 3699 1562 3699 1562 3701 1562 3733 1580 3806 1580 3824 1564 3824 1564 3827 1564 3827 1564 3827 1564 3829 1564 3829 1564 3831 1564 3831 1564 3973 1578 4057 1557 4060 1557 4060 1557 4062 1557 4062 1557 4062 1557 4064 1557 4064 1557 4108 1578 4108 1628 4103 1642 3434 1640 3411 1649 3406 1651 3406 1651 3404 1651 3404 1651 3404 1651 3402 1651 3402 1651 3386 1649 3315 1640 3281 1651 3271 1653 3269 1653 3269 1653 3269 1653 3267 1653 3267 1653 3267 1653 3265 1653 3265 1653 3258 1651 3237 1642 3063 1642 2376 1658"/></Shape>
	    <String CONTENT="à bout de dissoudre le lieu commun et de faire supprimer le"
                    HPOS="2371"
                    VPOS="1557"
                    WIDTH="1737"
                    HEIGHT="101"></String>
          </TextLine>

          
          
          <TextLine ID="eSc_line_2b6563a5"
                    
                    BASELINE="2367 1710 3221 1697 4153 1697" 
                    HPOS="2362"
                    VPOS="1635"
                    WIDTH="1791"
                    HEIGHT="94">
            <Shape><Polygon POINTS="2367 1710 2362 1665 2524 1649 2527 1649 2748 1658 2789 1658 2805 1656 2876 1644 2876 1644 2878 1644 3123 1651 3294 1656 3319 1649 3345 1640 3347 1640 3347 1640 3347 1640 3349 1640 3447 1646 3568 1653 3637 1653 3651 1642 3655 1637 3655 1637 3658 1637 3658 1637 3658 1637 3660 1637 3660 1637 3660 1637 3662 1637 3662 1637 3692 1642 3744 1651 3795 1640 3811 1637 3811 1637 3811 1637 3813 1637 3863 1640 4076 1649 4149 1635 4153 1697 4149 1708 3358 1708 3274 1719 3249 1722 3249 1722 3246 1722 3196 1719 3002 1710 2926 1724 2915 1724 2915 1724 2915 1724 2913 1724 2892 1724 2739 1713 2684 1726 2680 1726 2677 1726 2677 1726 2675 1726 2652 1726 2442 1717 2367 1729"/></Shape>
	    <String CONTENT="non d&#39;Institut qui est un non révolutionnaire. Du reste elles ont été"
                    HPOS="2362"
                    VPOS="1635"
                    WIDTH="1791"
                    HEIGHT="94"></String>
          </TextLine>

          
          
          <TextLine ID="eSc_line_8ece4cda"
                    
                    BASELINE="2355 1774 4135 1761" 
                    HPOS="2351"
                    VPOS="1699"
                    WIDTH="1784"
                    HEIGHT="98">
            <Shape><Polygon POINTS="2355 1774 2351 1719 2442 1710 2444 1710 2444 1710 2444 1710 2447 1710 2469 1717 2504 1731 2600 1731 2618 1717 2627 1710 2629 1710 2629 1710 2629 1710 2632 1710 2632 1710 2632 1710 2634 1710 2634 1710 2634 1710 2636 1710 2657 1717 2684 1726 2696 1717 2700 1713 2700 1713 2702 1713 2702 1713 2702 1713 2705 1713 2705 1713 2707 1713 2707 1713 2707 1713 2709 1713 2709 1713 2712 1713 2716 1717 2737 1726 3109 1726 3130 1715 3146 1706 3146 1706 3146 1706 3148 1706 3148 1706 3148 1706 3242 1703 3244 1703 3461 1713 3614 1719 3710 1713 3836 1701 3838 1701 3838 1701 3838 1701 3840 1701 3875 1710 3900 1717 3941 1710 4003 1701 4003 1701 4005 1701 4005 1701 4005 1701 4007 1701 4041 1710 4067 1717 4078 1710 4092 1699 4094 1699 4094 1699 4094 1699 4096 1699 4096 1699 4096 1699 4099 1699 4099 1699 4099 1699 4101 1699 4133 1710 4135 1761 4133 1783 3897 1777 3822 1788 3808 1788 3808 1788 3806 1788 3806 1788 3806 1788 3804 1788 3804 1788 3801 1788 3774 1777 3632 1788 3626 1788 3623 1788 3623 1788 3623 1788 3621 1788 3621 1788 3621 1788 3591 1777 3527 1790 3516 1790 3516 1790 3514 1790 3514 1790 3514 1790 3511 1790 3507 1790 3466 1777 3342 1790 3335 1790 3335 1790 3333 1790 3333 1790 3329 1790 3244 1777 3132 1788 3132 1788 3130 1788 3130 1788 3059 1779 3009 1793 3009 1793 3006 1793 3006 1793 3006 1793 3004 1793 2997 1793 2801 1781 2666 1795 2645 1797 2645 1797 2643 1797 2618 1797 2447 1783 2355 1797"/></Shape>
	    <String CONTENT="fort scandalisées de voir Mr de Richelieu adopter le costume de"
                    HPOS="2351"
                    VPOS="1699"
                    WIDTH="1784"
                    HEIGHT="98"></String>
          </TextLine>

          
          
          <TextLine ID="eSc_line_ceccc639"
                    
                    BASELINE="2385 1836 2712 1831" 
                    HPOS="2378"
                    VPOS="1767"
                    WIDTH="334"
                    HEIGHT="90">
            <Shape><Polygon POINTS="2385 1836 2378 1790 2433 1767 2433 1767 2435 1767 2435 1767 2437 1767 2508 1767 2508 1767 2508 1767 2511 1767 2511 1767 2511 1767 2513 1767 2513 1767 2531 1783 2545 1772 2547 1772 2547 1772 2547 1772 2549 1772 2549 1772 2549 1772 2552 1772 2707 1786 2712 1831 2712 1845 2385 1857"/></Shape>
	    <String CONTENT="l&#39;Institut."
                    HPOS="2378"
                    VPOS="1767"
                    WIDTH="334"
                    HEIGHT="90"></String>
          </TextLine>

          
          
          <TextLine ID="eSc_line_898775eb"
                    
                    BASELINE="2403 1911 3616 1893 4156 1898" 
                    HPOS="2401"
                    VPOS="1827"
                    WIDTH="1755"
                    HEIGHT="103">
            <Shape><Polygon POINTS="2403 1911 2403 1845 2433 1854 2447 1845 2449 1843 2451 1843 2451 1843 2451 1843 2453 1843 2453 1843 2456 1843 2588 1843 2588 1843 2588 1843 2591 1843 2591 1843 2591 1843 2595 1845 2632 1863 2757 1863 2794 1845 2808 1838 2808 1838 2808 1838 2810 1838 2810 1838 2812 1838 2917 1838 2917 1838 2917 1838 2920 1838 2920 1838 2936 1845 2954 1854 2968 1845 2977 1838 2979 1838 2979 1838 2979 1838 2981 1838 2981 1838 2981 1838 3260 1834 3262 1834 3262 1834 3265 1834 3303 1845 3326 1852 3342 1845 3354 1841 3354 1841 3356 1841 3356 1841 3356 1841 3358 1841 3358 1841 3388 1845 3411 1850 3415 1845 3424 1838 3424 1836 3424 1836 3427 1836 3427 1836 3427 1836 3429 1836 3429 1836 3431 1836 3431 1836 3431 1836 3434 1836 3466 1845 3488 1852 3543 1845 3591 1841 3591 1841 3594 1841 3594 1841 3596 1841 3596 1841 3610 1845 3626 1852 3801 1852 3824 1845 3916 1827 3916 1827 3916 1827 3918 1827 3918 1827 3920 1827 3920 1827 3920 1827 3923 1827 3948 1845 4153 1847 4156 1898 4156 1900 4035 1914 4032 1914 4032 1914 3936 1902 3916 1902 3877 1904 3694 1916 3692 1916 3692 1916 3598 1907 3589 1907 3589 1907 3571 1918 3568 1918 3568 1918 3568 1918 3566 1918 3566 1918 3564 1918 3564 1918 3463 1909 3463 1909 3461 1909 3402 1920 3402 1920 3402 1920 3399 1920 3399 1920 3326 1909 3315 1909 3297 1909 3162 1923 3162 1923 3159 1923 3047 1914 3027 1911 3002 1914 2906 1923 2904 1923 2627 1918 2609 1930 2607 1930 2607 1930 2607 1930 2604 1930 2604 1930 2604 1930 2602 1930 2401 1918"/></Shape>
	    <String CONTENT="Ginguené est bien malade : il se traîne encore ; mais il est ménacé"
                    HPOS="2401"
                    VPOS="1827"
                    WIDTH="1755"
                    HEIGHT="103"></String>
          </TextLine>

          
          
          <TextLine ID="eSc_line_d48e2244"
                    
                    BASELINE="2371 1980 3260 1964 4135 1966" 
                    HPOS="2367"
                    VPOS="1904"
                    WIDTH="1768"
                    HEIGHT="85">
            <Shape><Polygon POINTS="2371 1980 2367 1936 2433 1923 2433 1923 2433 1923 2435 1923 2543 1932 2563 1916 2563 1916 2565 1916 2565 1916 2565 1916 2568 1916 2568 1916 2570 1916 2851 1930 2874 1914 2874 1914 2876 1914 2876 1914 2878 1914 2878 1914 2878 1914 3011 1911 3013 1911 3013 1911 3125 1927 3239 1909 3239 1909 3242 1909 3242 1909 3420 1925 3532 1907 3532 1907 3532 1907 3534 1907 3763 1923 3770 1923 3772 1923 3801 1911 3801 1911 3804 1911 3804 1911 3806 1911 3806 1911 3806 1911 3808 1911 3840 1920 3865 1904 3868 1904 3868 1904 3868 1904 3870 1904 3870 1904 3872 1904 3872 1904 3872 1904 3875 1904 3875 1904 3916 1920 3952 1907 3952 1907 3955 1907 3955 1907 3955 1907 3957 1907 3957 1907 4041 1920 4044 1920 4046 1920 4087 1904 4087 1904 4089 1904 4089 1904 4089 1904 4092 1904 4092 1904 4094 1904 4094 1904 4135 1920 4135 1966 4133 1980 2371 1989"/></Shape>
	    <String CONTENT="d&#39;une hidropisie de poitrine, et à son âge c&#39;est une mauvaise maladie."
                    HPOS="2367"
                    VPOS="1904"
                    WIDTH="1768"
                    HEIGHT="85"></String>
          </TextLine>

          
          
          <TextLine ID="eSc_line_94136974"
                    
                    BASELINE="2433 2037 4126 2032" 
                    HPOS="2428"
                    VPOS="1978"
                    WIDTH="1698"
                    HEIGHT="73">
            <Shape><Polygon POINTS="2433 2037 2428 1991 2506 1978 2506 1978 2508 1978 4121 1982 4126 2032 4121 2051 2431 2048"/></Shape>
	    <String CONTENT="Nous vous avons plaint bien souvent d&#39;avoir éte obligée de passer"
                    HPOS="2428"
                    VPOS="1978"
                    WIDTH="1698"
                    HEIGHT="73"></String>
          </TextLine>

          
          
          <TextLine ID="eSc_line_0ed02036"
                    
                    BASELINE="2371 2112 4071 2096" 
                    HPOS="2362"
                    VPOS="2035"
                    WIDTH="1711"
                    HEIGHT="96">
            <Shape><Polygon POINTS="2371 2112 2362 2069 2396 2048 2399 2048 2399 2048 2401 2048 2401 2048 2401 2048 2403 2048 2595 2064 2609 2064 2714 2064 2718 2062 2762 2046 2764 2046 2764 2046 2764 2046 2984 2044 2986 2044 2986 2044 2988 2044 2988 2044 2988 2044 3011 2055 3020 2060 3032 2055 3059 2044 3059 2044 3061 2044 3061 2044 3061 2044 3063 2044 3063 2044 3130 2053 3162 2058 3173 2053 3194 2042 3194 2042 3194 2042 3196 2042 3196 2042 3198 2042 3198 2042 3267 2051 3292 2053 3310 2048 3356 2039 3356 2039 3356 2039 3358 2039 3358 2039 3413 2048 3468 2055 3520 2046 3541 2042 3541 2042 3541 2042 3543 2042 3543 2042 3543 2042 3546 2042 3546 2042 3552 2044 3578 2055 3754 2055 3772 2039 3774 2037 3774 2037 3776 2037 3776 2037 3776 2037 3779 2037 3779 2037 3779 2037 3781 2037 3820 2039 3989 2051 4064 2035 4071 2096 4073 2103 4041 2117 4041 2117 4039 2117 4039 2117 4037 2117 3100 2115 2846 2128 2844 2128 2625 2119 2613 2128 2613 2131 2613 2131 2611 2131 2611 2131 2611 2131 2609 2131 2609 2131 2607 2131 2369 2119"/></Shape>
	    <String CONTENT="l&#39;hiver au milieu des Allemands. Ce n&#39;est pas que Paris ait été"
                    HPOS="2362"
                    VPOS="2035"
                    WIDTH="1711"
                    HEIGHT="96"></String>
          </TextLine>

          
          
          <TextLine ID="eSc_line_c886c3f7"
                    
                    BASELINE="2369 2176 4069 2172" 
                    HPOS="2362"
                    VPOS="2112"
                    WIDTH="1707"
                    HEIGHT="87">
            <Shape><Polygon POINTS="2369 2176 2362 2133 2428 2115 2431 2115 2431 2115 2433 2115 2433 2115 2568 2126 2686 2115 2686 2115 2689 2115 2689 2115 2691 2115 2691 2115 2691 2115 2693 2115 2714 2128 2956 2115 2958 2115 2958 2115 2958 2115 2961 2115 2961 2115 2963 2115 2981 2126 3016 2117 3018 2117 3018 2117 3020 2117 3020 2117 3125 2128 3146 2115 3148 2115 3148 2115 3148 2115 3150 2115 3150 2115 3150 2115 3253 2112 3255 2112 3255 2112 3258 2112 3315 2126 3475 2115 3477 2115 3477 2115 3477 2115 3479 2115 3525 2128 3806 2128 3836 2112 3836 2112 3836 2112 3838 2112 3838 2112 3840 2112 3840 2112 3840 2112 3843 2112 3843 2112 3872 2126 3900 2112 3900 2112 3900 2112 3902 2112 3902 2112 3904 2112 3904 2112 4064 2128 4069 2172 4069 2185 3895 2197 3893 2197 3893 2197 3891 2197 3891 2197 3868 2188 3852 2183 3795 2188 3712 2197 3712 2197 3710 2197 3710 2197 3671 2190 3639 2183 3626 2190 3612 2197 3612 2197 3612 2197 3610 2197 3610 2197 3610 2197 3607 2197 3607 2197 3605 2197 3605 2197 3589 2190 3568 2183 3470 2183 3452 2192 3440 2197 3440 2197 3440 2197 3438 2197 3438 2197 3436 2197 3436 2197 3436 2197 3434 2197 3434 2197 3422 2192 3406 2185 3333 2192 3281 2197 3281 2197 3278 2197 3278 2197 3276 2197 3262 2192 3226 2183 3121 2195 3066 2199 3066 2199 3063 2199 3063 2199 3061 2199 3061 2199 3061 2199 3059 2199 3052 2195 3034 2185 2833 2185 2618 2197 2584 2199 2581 2199 2581 2199 2581 2199 2572 2199 2522 2188 2492 2199 2490 2199 2490 2199 2488 2199 2488 2199 2485 2199 2485 2199 2483 2199 2481 2199 2426 2185 2371 2199"/></Shape>
	    <String CONTENT="fort gai. Il y avait beaucoup de raisons pour qu&#39;on y fut triste."
                    HPOS="2362"
                    VPOS="2112"
                    WIDTH="1707"
                    HEIGHT="87"></String>
          </TextLine>

          
          
          <TextLine ID="eSc_line_be174b2a"
                    
                    BASELINE="2387 2245 3283 2240 4053 2252" 
                    HPOS="2378"
                    VPOS="2181"
                    WIDTH="1675"
                    HEIGHT="78">
            <Shape><Polygon POINTS="2387 2245 2378 2199 2405 2181 2408 2181 2408 2181 2408 2181 2410 2181 2410 2181 2410 2181 2412 2181 2412 2181 2415 2181 2469 2195 2547 2181 2547 2181 2547 2181 2549 2181 2549 2181 2552 2181 2552 2181 2595 2197 2595 2197 2597 2197 2709 2188 2712 2188 2712 2188 2712 2188 2714 2188 2714 2188 2714 2188 2716 2188 2728 2197 2734 2201 2974 2201 2981 2195 2995 2183 2995 2183 2997 2183 2997 2183 2997 2183 3000 2183 3000 2183 3002 2183 3143 2183 3143 2183 3143 2183 3146 2183 3146 2183 3148 2183 3162 2192 3171 2197 3203 2192 3262 2183 3262 2183 3265 2183 3265 2183 3265 2183 3267 2183 3297 2192 3324 2199 3349 2190 3372 2183 3372 2183 3374 2183 3374 2183 3377 2183 3377 2183 3377 2183 3379 2183 3402 2190 3440 2201 3543 2190 3580 2185 3582 2185 3676 2185 3676 2185 3676 2185 3678 2185 3678 2185 3678 2185 3683 2188 3710 2204 3774 2204 3804 2188 3806 2185 3806 2185 3806 2185 3808 2185 3808 2185 3811 2185 3811 2185 3829 2185 3971 2201 4048 2185 4053 2252 4051 2254 2387 2259"/></Shape>
	    <String CONTENT="Tout le monde est ruiné, les uns par la perte de leurs places ; les"
                    HPOS="2378"
                    VPOS="2181"
                    WIDTH="1675"
                    HEIGHT="78"></String>
          </TextLine>

          
          
          <TextLine ID="eSc_line_ac9dea09"
                    
                    BASELINE="2376 2313 4112 2313" 
                    HPOS="2373"
                    VPOS="2252"
                    WIDTH="1742"
                    HEIGHT="82">
            <Shape><Polygon POINTS="2376 2313 2373 2268 2483 2254 2483 2254 2485 2254 2657 2265 2677 2252 2680 2252 2680 2252 2680 2252 2682 2252 2682 2252 2682 2252 2684 2252 2684 2252 2769 2265 2922 2252 2924 2252 2924 2252 3043 2265 3125 2254 3125 2254 3127 2254 3127 2254 3127 2254 3130 2254 3130 2254 3130 2254 3132 2254 3132 2254 3146 2268 3395 2268 3415 2252 3418 2252 3418 2252 3418 2252 3420 2252 3420 2252 3420 2252 3422 2252 3980 2265 4080 2252 4080 2252 4083 2252 4083 2252 4083 2252 4085 2252 4085 2252 4085 2252 4115 2268 4112 2313 4112 2332 2376 2334"/></Shape>
	    <String CONTENT="autres par les reductions qu&#39;il éprouvent, d&#39;autres enfin parce qu&#39;ils"
                    HPOS="2373"
                    VPOS="2252"
                    WIDTH="1742"
                    HEIGHT="82"></String>
          </TextLine>

          
          
          <TextLine ID="eSc_line_b82cc485"
                    
                    BASELINE="2376 2384 3865 2373 4128 2386" 
                    HPOS="2371"
                    VPOS="2313"
                    WIDTH="1757"
                    HEIGHT="87">
            <Shape><Polygon POINTS="2376 2384 2371 2341 2469 2322 2469 2322 2472 2322 2730 2336 2764 2320 2764 2320 2766 2320 2766 2320 2766 2320 2769 2320 2984 2334 3084 2320 3084 2320 3086 2320 3086 2320 3207 2332 3271 2318 3271 2318 3274 2318 3358 2318 3358 2318 3358 2318 3361 2318 3361 2318 3361 2318 3363 2318 3363 2318 3381 2332 3564 2318 3566 2318 3566 2318 3566 2318 3568 2318 3568 2318 3568 2318 3594 2329 3623 2316 3623 2316 3626 2316 3626 2316 3626 2316 3628 2316 3628 2316 3630 2316 3630 2316 3671 2332 3779 2332 3806 2332 3806 2329 3822 2318 3822 2318 3824 2318 3824 2318 3827 2318 3827 2318 3827 2318 3829 2318 3829 2318 3897 2329 3900 2329 3902 2329 3964 2313 3966 2313 3966 2313 3968 2313 3968 2313 3968 2313 3971 2313 3971 2313 3971 2313 3973 2313 3996 2329 4126 2329 4128 2386 4126 2391 3575 2382 3557 2391 3546 2396 3546 2396 3546 2396 3543 2396 3543 2396 3541 2396 3541 2396 3541 2396 3539 2396 3539 2396 3539 2396 3536 2396 3530 2391 3518 2384 3418 2391 3319 2396 3317 2396 3317 2396 3230 2389 3153 2384 3029 2389 2764 2400 2762 2400 2474 2389 2410 2400 2410 2400 2410 2400 2408 2400 2408 2400 2405 2400 2405 2400 2371 2386"/></Shape>
	    <String CONTENT="ont été mangés par nos chers alliés. Je suis dans ces deux dernières"
                    HPOS="2371"
                    VPOS="2313"
                    WIDTH="1757"
                    HEIGHT="87"></String>
          </TextLine>

          
          
          <TextLine ID="eSc_line_3ada5371"
                    
                    BASELINE="2378 2444 3175 2434 4089 2444" 
                    HPOS="2376"
                    VPOS="2380"
                    WIDTH="1713"
                    HEIGHT="100">
            <Shape><Polygon POINTS="2378 2444 2376 2391 2415 2393 2421 2391 2433 2380 2433 2380 2435 2380 2435 2380 2435 2380 2437 2380 2437 2380 2440 2380 2440 2380 2524 2391 2552 2393 2565 2391 2602 2380 2604 2380 2604 2380 2604 2380 2607 2380 2607 2380 2609 2380 2609 2380 2609 2380 2611 2380 2627 2391 2632 2393 2657 2391 2732 2382 2732 2382 2734 2382 2933 2391 2984 2393 2988 2391 3004 2380 3006 2380 3006 2380 3006 2380 3009 2380 3009 2380 3011 2380 3230 2380 3230 2380 3230 2380 3283 2391 3317 2380 3317 2380 3319 2380 3319 2380 3322 2380 3322 2380 3409 2393 3415 2393 3424 2393 3498 2380 3498 2380 3500 2380 3500 2380 3500 2380 3564 2393 3568 2393 3573 2393 3662 2380 3662 2380 3664 2380 3664 2380 3664 2380 3726 2393 3728 2396 3991 2396 3991 2396 4016 2380 4019 2380 4019 2380 4021 2380 4021 2380 4021 2380 4023 2380 4023 2380 4023 2380 4087 2396 4089 2444 4087 2457 3923 2476 3923 2476 3920 2476 3920 2476 3918 2476 3918 2476 3918 2476 3888 2462 3886 2460 3879 2462 3808 2478 3808 2478 3808 2478 3806 2478 3806 2478 3804 2478 3804 2478 3804 2478 3772 2462 3763 2457 3607 2453 3557 2464 3504 2478 3502 2478 3502 2478 3500 2478 3500 2478 3498 2478 3498 2478 3463 2466 3427 2453 3356 2464 3356 2464 3354 2464 3354 2464 3354 2464 3351 2464 3351 2464 3324 2453 3125 2453 2984 2471 2933 2478 2933 2478 2931 2478 2931 2478 2931 2478 2929 2478 2910 2473 2846 2453 2819 2464 2819 2464 2817 2464 2817 2464 2817 2464 2814 2464 2668 2453 2584 2476 2577 2478 2575 2478 2575 2478 2575 2480 2378 2480"/></Shape>
	    <String CONTENT="classes. J&#39;ai été réduit à Paris et mangé à Lyon. Nous commençons à"
                    HPOS="2376"
                    VPOS="2380"
                    WIDTH="1713"
                    HEIGHT="100"></String>
          </TextLine>

          
        </TextBlock>
        
        <TextBlock HPOS="2776"
                   VPOS="319"
                   WIDTH="1010"
                   HEIGHT="277"
                   ID="eSc_textblock_8e567e22"
                   TAGREFS="BT1">
          <Shape><Polygon POINTS="2973 596 2965 582 2803 582 2776 548 2858 456 3020 429 3032 374 3114 319 3395 347 3441 422 3441 497 3786 497 3786 596"/></Shape>
          
          
          <TextLine ID="eSc_line_736bbd2f"
                    
                    BASELINE="3041 422 3399 427" 
                    HPOS="3034"
                    VPOS="322"
                    WIDTH="365"
                    HEIGHT="121">
            <Shape><Polygon POINTS="3041 422 3041 360 3075 360 3077 360 3114 324 3114 322 3114 322 3116 322 3116 322 3116 322 3118 322 3118 322 3121 322 3162 322 3162 322 3162 322 3164 322 3164 322 3164 322 3203 342 3223 326 3223 326 3226 326 3226 326 3228 326 3228 326 3230 326 3283 326 3283 326 3283 326 3285 326 3285 326 3287 326 3287 326 3335 363 3351 351 3354 351 3354 351 3356 351 3356 351 3356 351 3358 351 3358 351 3358 351 3361 351 3399 365 3399 427 3397 433 3073 443 3070 443 3070 443 3068 443 3068 443 3034 429"/></Shape>
	    <String CONTENT="Lettre"
                    HPOS="3034"
                    VPOS="322"
                    WIDTH="365"
                    HEIGHT="121"></String>
          </TextLine>

          
          
          <TextLine ID="eSc_line_4aede9f9"
                    
                    BASELINE="2794 559 3760 555" 
                    HPOS="2789"
                    VPOS="465"
                    WIDTH="971"
                    HEIGHT="122">
            <Shape><Polygon POINTS="2794 559 2789 507 2828 504 2869 468 2869 468 2872 468 2872 468 2872 468 2874 468 2874 468 2876 468 2956 468 2956 468 2956 468 2958 468 2958 468 2958 468 2961 468 2961 468 2961 470 2986 491 3009 472 3009 472 3011 472 3011 472 3011 472 3013 472 3013 472 3016 472 3016 472 3016 472 3018 472 3018 472 3018 472 3020 472 3020 472 3054 504 3121 504 3159 470 3159 468 3162 468 3162 468 3162 468 3164 468 3164 468 3164 468 3166 468 3166 468 3169 468 3230 486 3269 465 3269 465 3269 465 3271 465 3271 465 3274 465 3308 465 3308 465 3308 465 3310 465 3310 465 3313 465 3313 465 3361 500 3415 500 3452 472 3454 472 3454 472 3454 472 3456 472 3456 472 3456 472 3459 472 3459 472 3591 495 3623 470 3623 470 3626 470 3626 470 3628 470 3628 470 3628 470 3630 470 3630 470 3630 470 3756 502 3760 555 3760 564 3701 584 3699 584 3699 584 3699 587 3539 587 3536 584 3536 584 3534 584 3479 571 3440 584 3440 584 3438 584 3438 584 3436 584 3436 584 3345 573 3251 587 3251 587 3249 587 3249 587 3249 587 3246 587 3246 587 3203 568 3203 568 2981 568 2979 568 2958 584 2958 584 2956 584 2956 584 2954 584 2954 584 2954 584 2952 584 2952 584 2949 584 2949 584 2949 584 2917 568 2915 568 2794 568"/></Shape>
	    <String CONTENT="A Mme la Princesse de Salm."
                    HPOS="2789"
                    VPOS="465"
                    WIDTH="971"
                    HEIGHT="122"></String>
          </TextLine>

          
        </TextBlock>
        
        <TextBlock HPOS="1318"
                   VPOS="2523"
                   WIDTH="711"
                   HEIGHT="110"
                   ID="eSc_textblock_a69eff03"
                   TAGREFS="BT6">
          <Shape><Polygon POINTS="1318 2633 1318 2523 2029 2523 2029 2633"/></Shape>
          
          
          <TextLine ID="eSc_line_bbeed1ac"
                    
                    BASELINE="1316 2590 2001 2585" 
                    HPOS="1309"
                    VPOS="2521"
                    WIDTH="692"
                    HEIGHT="105">
            <Shape><Polygon POINTS="1316 2590 1309 2549 1357 2524 1357 2524 1357 2524 1359 2524 1359 2524 1361 2524 1444 2524 1444 2524 1444 2524 1446 2524 1446 2524 1446 2524 1448 2524 1480 2544 1606 2524 1606 2524 1608 2524 1608 2524 1608 2524 1610 2524 1610 2524 1610 2524 1654 2544 1768 2542 1807 2521 1807 2521 1807 2521 1809 2521 1809 2521 1811 2521 1811 2521 1811 2521 1814 2521 1814 2521 1859 2542 1937 2521 1939 2521 1939 2521 1942 2521 1942 2521 1942 2521 1944 2521 1944 2521 1999 2544 2001 2585 1994 2619 1948 2601 1777 2601 1747 2615 1747 2615 1747 2615 1745 2615 1745 2615 1745 2615 1743 2615 1743 2615 1741 2615 1741 2615 1702 2601 1677 2613 1677 2613 1677 2613 1674 2613 1674 2613 1672 2613 1672 2613 1672 2613 1670 2613 1638 2603 1608 2624 1606 2624 1606 2624 1606 2624 1606 2624 1603 2624 1603 2624 1603 2626 1546 2626 1544 2624 1544 2624 1544 2624 1542 2624 1542 2624 1542 2624 1539 2624 1539 2624 1517 2603 1450 2624 1448 2624 1448 2624 1448 2624 1316 2626"/></Shape>
	    <String CONTENT="(Signé) Coutance de Sm."
                    HPOS="1309"
                    VPOS="2521"
                    WIDTH="692"
                    HEIGHT="105"></String>
          </TextLine>

          
        </TextBlock>
        
        <TextBlock HPOS="2065"
                   VPOS="2487"
                   WIDTH="87"
                   HEIGHT="168"
                   ID="eSc_textblock_7c4bcb36"
                   TAGREFS="BT8">
          <Shape><Polygon POINTS="2152 2487 2152 2655 2065 2655 2065 2487"/></Shape>
          
          
          <TextLine ID="eSc_line_ceea0b34"
                    
                    BASELINE="2082 2611 2099 2611 2142 2594 2158 2591" 
                    HPOS="2056"
                    VPOS="2478"
                    WIDTH="116"
                    HEIGHT="183">
            <Shape><Polygon POINTS="2081 2610 2056 2519 2086 2482 2088 2482 2088 2480 2088 2480 2090 2480 2090 2480 2090 2480 2092 2480 2092 2480 2120 2478 2156 2590 2172 2638 2099 2661"/></Shape>
	    <String CONTENT="51"
                    HPOS="2056"
                    VPOS="2478"
                    WIDTH="116"
                    HEIGHT="183"></String>
          </TextLine>

          
        </TextBlock>
        
        <TextBlock HPOS="2275"
                   VPOS="2549"
                   WIDTH="96"
                   HEIGHT="61"
                   ID="eSc_textblock_04674feb"
                   TAGREFS="BT8">
          <Shape><Polygon POINTS="2275 2610 2275 2549 2353 2549 2371 2601"/></Shape>
          
          
          <TextLine ID="eSc_line_1702eefc"
                    
                    BASELINE="2273 2594 2362 2601" 
                    HPOS="2268"
                    VPOS="2546"
                    WIDTH="94"
                    HEIGHT="76">
            <Shape><Polygon POINTS="2273 2594 2271 2549 2360 2546 2362 2601 2357 2622 2268 2613"/></Shape>
	    <String CONTENT="103"
                    HPOS="2268"
                    VPOS="2546"
                    WIDTH="94"
                    HEIGHT="76"></String>
          </TextLine>

          
        </TextBlock>
        
        <TextBlock HPOS="3665"
                   VPOS="325"
                   WIDTH="431"
                   HEIGHT="138"
                   ID="eSc_textblock_4b18d227"
                   TAGREFS="BT11">
          <Shape><Polygon POINTS="3665 325 3665 463 4096 463 4096 325"/></Shape>
          
          
          <TextLine ID="eSc_line_d2a19715"
                    
                    BASELINE="3703 431 4062 427" 
                    HPOS="3696"
                    VPOS="351"
                    WIDTH="366"
                    HEIGHT="144">
            <Shape><Polygon POINTS="3703 431 3696 376 3738 354 3738 354 3738 354 3740 354 3740 354 3740 354 3742 354 3742 354 3742 354 3744 354 3799 372 3840 354 3840 354 3840 354 3843 354 3843 354 3845 354 3845 354 3845 354 3847 354 3902 372 3902 372 3952 372 3955 370 3989 351 3989 351 3989 351 3991 351 3991 351 3993 351 3993 351 3993 351 4057 367 4062 427 4055 481 4014 461 3950 461 3925 486 3918 491 3918 493 3918 493 3916 493 3916 493 3916 493 3913 493 3913 493 3913 495 3703 495"/></Shape>
	    <String CONTENT="(autographe)"
                    HPOS="3696"
                    VPOS="351"
                    WIDTH="366"
                    HEIGHT="144"></String>
          </TextLine>

          
        </TextBlock>
        
        <TextBlock HPOS="3643"
                   VPOS="592"
                   WIDTH="483"
                   HEIGHT="99"
                   ID="eSc_textblock_35441842"
                   TAGREFS="BT10">
          <Shape><Polygon POINTS="4126 592 4126 691 3643 691 3643 592"/></Shape>
          
          
          <TextLine ID="eSc_line_05db28fb"
                    
                    BASELINE="3664 685 4117 685" 
                    HPOS="3660"
                    VPOS="619"
                    WIDTH="457"
                    HEIGHT="84">
            <Shape><Polygon POINTS="3664 685 3660 637 3715 619 3717 619 3717 619 3717 619 3719 619 3719 619 3719 619 3783 634 3792 634 3801 632 3861 621 3861 621 3861 621 3863 621 3863 621 3865 621 3865 621 3895 632 3907 634 3918 630 3952 619 3952 619 3955 619 3955 619 3957 619 3957 619 3957 619 4009 628 4030 632 4115 628 4117 685 4115 703 3662 694"/></Shape>
	    <String CONTENT="Paris, le 9 Août,1816."
                    HPOS="3660"
                    VPOS="619"
                    WIDTH="457"
                    HEIGHT="84"></String>
          </TextLine>

          
        </TextBlock>
        
        <TextBlock HPOS="4128"
                   VPOS="2521"
                   WIDTH="126"
                   HEIGHT="108"
                   ID="eSc_textblock_c37d18a9"
                   TAGREFS="BT8">
          <Shape><Polygon POINTS="4128 2629 4128 2521 4236 2521 4254 2610"/></Shape>
          
          
          <TextLine ID="eSc_line_c3409906"
                    
                    BASELINE="4148 2594 4161 2591 4180 2584 4259 2568" 
                    HPOS="4128"
                    VPOS="2489"
                    WIDTH="142"
                    HEIGHT="167">
            <Shape><Polygon POINTS="4147 2592 4128 2512 4210 2508 4236 2489 4258 2567 4270 2622 4160 2656"/></Shape>
	    <String CONTENT="52"
                    HPOS="4128"
                    VPOS="2489"
                    WIDTH="142"
                    HEIGHT="167"></String>
          </TextLine>

          
        </TextBlock>
        

        
      </PrintSpace>
    </Page>
  </Layout>
</alto>

