<?xml version="1.0" encoding="UTF-8"?>
<alto xmlns:xsi="http://www.w3.org/2001/XMLSchema-instance"
      xmlns="http://www.loc.gov/standards/alto/ns-v4#"
      xsi:schemaLocation="http://www.loc.gov/standards/alto/ns-v4# http://www.loc.gov/standards/alto/v4/alto-4-2.xsd">
  <Description>
    <MeasurementUnit>pixel</MeasurementUnit>
    <sourceImageInformation>
      <fileName>CdS02_Konv002-02_0066.jpg</fileName>
      
    </sourceImageInformation>
  </Description>
  
  <Tags>
    <OtherTag ID="BT1" LABEL="Title" DESCRIPTION="block type Title"/><OtherTag ID="BT2" LABEL="MainZone" DESCRIPTION="block type Main"/><OtherTag ID="BT6" LABEL="CustomLine:signature" DESCRIPTION="block type Signature"/><OtherTag ID="BT7" LABEL="Letterhead" DESCRIPTION="block type Letterhead"/><OtherTag ID="BT8" LABEL="NumberingZone" DESCRIPTION="block type Numbering"/><OtherTag ID="BT9" LABEL="CustomLine:salute" DESCRIPTION="block type Salute"/><OtherTag ID="BT10" LABEL="CustomLine:dateline" DESCRIPTION="block type Dateline"/><OtherTag ID="BT11" LABEL="Additions" DESCRIPTION="block type Additions"/><OtherTag ID="BT12" LABEL="Note" DESCRIPTION="block type Note"/><OtherTag ID="BT13" LABEL="CustomLine:postscript" DESCRIPTION="block type Postscript"/>
    <OtherTag ID="LT1" LABEL="DefaultLine" DESCRIPTION="line type Main"/><OtherTag ID="LT3" LABEL="InterlinearLine" DESCRIPTION="line type Correction"/><OtherTag ID="LT5" LABEL="CustomLine:verse" DESCRIPTION="line type Verse"/>
  </Tags>
  
  <Layout>
    <Page WIDTH="4556"
          HEIGHT="2741"
          PHYSICAL_IMG_NR="2"
          ID="eSc_dummypage_">
      <PrintSpace HPOS="0"
                  VPOS="0"
                  WIDTH="4556"
                  HEIGHT="2741">
        
        <TextBlock HPOS="365"
                   VPOS="310"
                   WIDTH="1723"
                   HEIGHT="172"
                   ID="eSc_textblock_a9d58556"
                   TAGREFS="BT2">
          <Shape><Polygon POINTS="1809 392 2008 402 2088 482 448 482 420 454 429 411 365 390 374 328 493 310 1706 328 1779 347"/></Shape>
          
          
          <TextLine ID="eSc_line_65667162"
                    
                    BASELINE="372 376 1311 374 1757 392" 
                    HPOS="370"
                    VPOS="312"
                    WIDTH="1389"
                    HEIGHT="99">
            <Shape><Polygon POINTS="372 376 370 333 475 333 475 331 495 315 495 312 495 312 498 312 498 312 500 312 500 312 500 312 502 312 502 312 504 312 504 312 539 324 607 315 607 315 610 315 610 315 610 315 612 315 612 315 614 315 614 315 635 331 637 333 642 331 669 319 669 319 671 319 671 319 671 319 674 319 674 319 676 319 715 331 726 333 747 331 856 315 856 315 859 315 859 315 859 315 927 326 950 317 950 317 952 317 952 317 952 317 955 317 955 317 955 317 957 317 957 317 959 317 959 317 959 319 973 331 980 338 1062 338 1073 328 1092 317 1094 317 1094 317 1094 317 1096 317 1096 317 1099 317 1204 317 1204 317 1204 317 1206 317 1206 317 1206 317 1208 317 1208 317 1222 328 1229 335 1254 328 1297 317 1300 317 1300 317 1302 317 1302 317 1304 317 1350 328 1386 340 1539 340 1551 328 1560 322 1560 319 1560 319 1562 319 1562 319 1565 319 1565 319 1565 319 1567 319 1567 319 1567 319 1569 319 1569 319 1571 319 1585 328 1603 340 1734 340 1747 326 1757 392 1759 395 1741 408 1741 408 1738 408 1738 408 1738 408 1736 408 1736 408 1736 411 1434 411 1432 408 1432 408 1430 408 1430 408 1389 390 1386 390 1375 390 1268 404 1268 404 1265 404 1265 404 1263 404 1263 404 1263 404 1261 404 1261 404 1261 402 1247 390 1245 388 1206 388 1194 390 1105 406 1105 406 1105 406 1103 406 1103 406 1101 406 1101 406 1101 406 1099 406 1071 388 1069 388 1028 388 1028 388 1007 404 1007 406 1007 406 1005 406 1005 406 1003 406 1003 406 1003 406 1000 406 1000 406 998 406 998 406 998 406 996 406 968 388 966 386 763 386 760 386 740 404 740 404 738 404 738 404 738 404 735 404 735 404 735 406 680 406 678 404 678 404 676 404 676 404 676 404 674 404 674 402 653 386 555 397 555 397 552 397 370 381"/></Shape>
	    <String CONTENT="en état insupportable pour une trop vive vivavité."
                    HPOS="370"
                    VPOS="312"
                    WIDTH="1389"
                    HEIGHT="99"></String>
          </TextLine>

          
          
          <TextLine ID="eSc_line_25033d45"
                    
                    BASELINE="440 447 1153 447 2022 468" 
                    HPOS="438"
                    VPOS="379"
                    WIDTH="1584"
                    HEIGHT="105">
            <Shape><Polygon POINTS="440 447 438 402 557 379 557 379 559 379 559 379 559 379 562 379 562 379 562 379 564 379 564 379 564 381 580 395 598 381 598 381 600 381 600 381 603 381 603 381 605 381 674 381 674 381 674 381 676 381 738 402 747 404 774 402 911 386 911 386 913 386 913 386 916 386 916 386 959 402 959 402 959 402 1041 386 1041 386 1044 386 1044 386 1044 386 1124 402 1133 404 1137 402 1167 388 1167 388 1167 388 1169 388 1169 388 1172 388 1172 388 1172 388 1174 388 1174 388 1176 388 1201 404 1215 411 1236 404 1268 390 1268 390 1270 390 1270 390 1272 390 1272 390 1368 404 1382 404 1391 404 1460 395 1460 395 1462 395 1462 395 1464 395 1498 404 1544 418 1916 420 1944 404 1953 399 1955 399 1955 399 1955 399 1958 399 1958 399 1960 399 1960 399 2022 406 2022 468 2017 484 1672 470 1567 479 1553 479 1551 479 1551 479 1551 479 1549 479 1549 479 1549 479 1546 479 1546 479 1546 479 1530 465 1242 475 1217 475 1215 475 1215 475 1215 475 1208 475 1144 461 1057 470 1057 470 1055 470 1055 470 1053 470 1053 470 1053 470 1051 470 1051 470 1051 468 1048 468 1041 456 888 456 808 468 808 468 806 468 806 468 683 456 438 463"/></Shape>
	    <String CONTENT="Mr Prons comprendra tout cela. Je lui fais mes sincères amitiés."
                    HPOS="438"
                    VPOS="379"
                    WIDTH="1584"
                    HEIGHT="105"></String>
          </TextLine>

          
          
          <TextLine ID="eSc_line_154108c1"
                    
                    BASELINE="1478 529 2092 536" 
                    HPOS="1473"
                    VPOS="465"
                    WIDTH="619"
                    HEIGHT="94">
            <Shape><Polygon POINTS="1478 529 1476 479 1553 465 1553 465 1555 465 1555 465 1555 465 1626 479 1626 479 1629 479 1677 465 1679 465 1679 465 1681 465 1681 465 1681 465 1683 465 1683 465 1718 481 1720 481 1727 481 1793 468 1793 468 1793 468 1795 468 1795 468 1880 481 1889 484 1891 484 1912 472 1912 472 1912 472 1914 472 1914 472 1914 472 1916 472 1916 472 1983 484 1985 484 1985 484 1999 472 1999 470 1999 470 2001 470 2001 470 2001 470 2003 470 2003 470 2003 470 2006 470 2006 470 2008 470 2008 470 2008 470 2010 470 2010 470 2026 484 2028 486 2090 486 2092 536 2088 559 1473 548"/></Shape>
	    <String CONTENT="(Signé) Constance de Salm."
                    HPOS="1473"
                    VPOS="465"
                    WIDTH="619"
                    HEIGHT="94"></String>
          </TextLine>

          
          
          <TextLine ID="eSc_line_188f2fd9"
                    
                    BASELINE="367 607 415 600" 
                    HPOS="354"
                    VPOS="541"
                    WIDTH="61"
                    HEIGHT="82">
            <Shape><Polygon POINTS="367 607 354 543 402 541 415 600 415 614 367 623"/></Shape>
	    <String CONTENT="18"
                    HPOS="354"
                    VPOS="541"
                    WIDTH="61"
                    HEIGHT="82"></String>
          </TextLine>

          
          
          <TextLine ID="eSc_line_ddc3e6d7"
                    
                    BASELINE="450 603 605 593" 
                    HPOS="445"
                    VPOS="539"
                    WIDTH="160"
                    HEIGHT="132">
            <Shape><Polygon POINTS="450 603 445 545 518 557 534 550 559 539 559 539 562 539 562 539 562 539 564 539 564 539 564 539 566 539 566 539 603 555 605 593 603 662 580 655 564 660 530 671 527 671 527 671 527 671 525 671 525 671 523 671 445 648"/></Shape>
	    <String CONTENT="da"
                    HPOS="445"
                    VPOS="539"
                    WIDTH="160"
                    HEIGHT="132"></String>
          </TextLine>

          
          
          <TextLine ID="eSc_line_6a78acce"
                    
                    BASELINE="310 676 450 669 532 650" 
                    HPOS="303"
                    VPOS="596"
                    WIDTH="229"
                    HEIGHT="121">
            <Shape><Polygon POINTS="310 676 303 623 429 596 429 596 429 596 431 596 431 596 434 596 434 596 434 596 436 596 461 612 461 612 523 609 532 650 532 671 488 676 488 676 463 708 461 708 461 710 461 710 459 710 459 710 459 710 456 710 456 710 374 717 372 717 372 717 372 717 370 717 306 694"/></Shape>
	    <String CONTENT="de S 2246"
                    HPOS="303"
                    VPOS="596"
                    WIDTH="229"
                    HEIGHT="121"></String>
          </TextLine>

          
          
          <TextLine ID="eSc_line_fd39eff3"
                    
                    BASELINE="1039 653 1382 662" 
                    HPOS="1037"
                    VPOS="543"
                    WIDTH="345"
                    HEIGHT="137">
            <Shape><Polygon POINTS="1039 653 1039 543 1382 552 1382 662 1380 666 1297 680 1297 680 1295 680 1037 660"/></Shape>
	    <String CONTENT="Lettre"
                    HPOS="1037"
                    VPOS="543"
                    WIDTH="345"
                    HEIGHT="137"></String>
          </TextLine>

          
          
          <TextLine ID="eSc_line_8aa47875"
                    
                    BASELINE="913 774 1932 794" 
                    HPOS="909"
                    VPOS="682"
                    WIDTH="1023"
                    HEIGHT="133">
            <Shape><Polygon POINTS="913 774 913 721 943 721 991 682 991 682 993 682 993 682 993 682 996 682 996 682 998 682 998 682 1048 689 1048 689 1051 689 1051 689 1051 689 1053 689 1053 689 1053 692 1071 708 1133 685 1135 685 1135 685 1135 685 1137 685 1137 685 1137 685 1208 701 1240 687 1240 687 1240 687 1242 687 1242 687 1245 687 1354 689 1354 689 1354 689 1357 689 1357 689 1357 689 1359 689 1400 719 1428 726 1444 712 1444 712 1446 712 1446 712 1446 712 1448 712 1448 712 1450 712 1450 712 1450 712 1453 712 1453 712 1455 712 1455 712 1480 733 1530 733 1553 712 1553 712 1555 712 1555 712 1555 712 1558 712 1558 712 1560 712 1560 712 1560 712 1562 712 1633 733 1706 703 1706 703 1709 703 1709 703 1709 703 1711 703 1711 703 1713 703 1713 703 1713 703 1715 703 1715 703 1734 719 1775 708 1777 708 1777 708 1779 708 1779 708 1779 708 1782 708 1782 708 1857 740 1932 742 1932 794 1930 813 1713 815 1711 815 1711 815 1709 815 1679 806 1654 799 1635 806 1615 813 1615 813 1613 813 1613 813 1610 813 1610 813 1610 813 1608 813 1608 813 1608 813 1592 804 1578 797 1544 804 1510 808 1510 808 1508 808 1217 804 1217 804 1217 804 1215 804 1215 804 1215 804 1213 804 1197 792 1190 788 909 783"/></Shape>
	    <String CONTENT="A Mr Prons (au chateau de Liedberg)."
                    HPOS="909"
                    VPOS="682"
                    WIDTH="1023"
                    HEIGHT="133"></String>
          </TextLine>

          
          
          <TextLine ID="eSc_line_a71b96c7"
                    
                    BASELINE="429 966 747 966 1318 995 2063 1007" 
                    HPOS="429"
                    VPOS="904"
                    WIDTH="1634"
                    HEIGHT="117">
            <Shape><Polygon POINTS="429 966 429 904 598 922 628 911 635 909 635 909 637 909 637 909 639 909 639 909 696 913 822 927 843 920 854 915 854 915 856 915 856 915 859 915 859 915 859 915 861 915 879 922 918 934 968 925 989 922 989 922 991 922 991 922 991 922 993 922 993 922 993 922 1003 927 1030 941 1083 929 1121 922 1121 922 1121 922 1124 922 1124 922 1126 922 1126 922 1149 931 1181 947 1327 947 1368 941 1437 929 1437 929 1439 929 1439 929 1439 929 1441 929 1501 947 1528 954 1539 947 1560 934 1562 934 1562 934 1562 934 1565 934 1565 934 1567 934 1567 934 1567 934 1569 934 1569 934 1571 934 1597 950 1599 952 1706 959 1757 957 1859 952 1862 952 1862 952 1862 952 1926 963 1928 963 1928 963 1960 950 1960 950 1960 950 1962 950 1962 950 1964 950 1964 950 1964 950 2063 970 2063 1007 2058 1021 1270 1009 1270 1009 1197 1002 1051 991 1021 1000 1012 1002 1009 1002 1009 1002 1009 1002 1007 1002 1007 1002 1005 1002 993 1000 957 989 500 989 498 986 498 986 495 986 495 986 495 986 493 986 475 975 431 986"/></Shape>
	    <String CONTENT="Je vous trouve heureux, Monsieur, d&#39;être le Chaperon de deux"
                    HPOS="429"
                    VPOS="904"
                    WIDTH="1634"
                    HEIGHT="117"></String>
          </TextLine>

          
          
          <TextLine ID="eSc_line_5bbc8fae"
                    
                    BASELINE="1574 927 2083 938" 
                    HPOS="1569"
                    VPOS="854"
                    WIDTH="514"
                    HEIGHT="105">
            <Shape><Polygon POINTS="1574 927 1574 854 1674 854 1674 854 1674 854 1677 854 1677 854 1677 854 1679 854 1683 858 1709 874 1745 861 1759 856 1759 856 1761 856 1761 856 1763 856 1763 856 1763 856 1766 856 1766 856 1782 863 1811 879 1882 879 1896 867 1905 861 1905 861 1907 861 1907 861 1907 861 1910 861 1910 861 1912 861 1912 861 1912 861 1914 861 1948 872 1983 881 2081 879 2083 938 2083 943 2038 959 2035 959 2035 959 2035 959 2033 959 2033 959 1889 943 1862 941 1853 943 1814 954 1811 954 1811 954 1809 954 1809 954 1809 954 1807 954 1807 954 1779 943 1768 938 1709 938 1704 943 1695 950 1695 952 1695 952 1693 952 1693 952 1693 952 1690 952 1690 952 1690 952 1688 952 1569 941"/></Shape>
	    <String CONTENT="Dyck, le 20 Août, 1816."
                    HPOS="1569"
                    VPOS="854"
                    WIDTH="514"
                    HEIGHT="105"></String>
          </TextLine>

          
          
          <TextLine ID="eSc_line_bcffdc55"
                    
                    BASELINE="342 1041 1162 1053 2086 1087" 
                    HPOS="338"
                    VPOS="975"
                    WIDTH="1748"
                    HEIGHT="123">
            <Shape><Polygon POINTS="342 1041 338 995 374 975 374 975 374 975 377 975 377 975 377 975 379 975 379 975 381 975 381 975 381 975 383 975 383 975 408 998 507 998 534 984 534 984 534 984 536 984 536 984 539 984 539 984 539 984 541 984 541 984 543 984 568 998 760 995 763 995 763 995 763 995 813 1007 815 1007 817 1007 895 989 895 989 895 989 897 989 982 993 982 993 982 993 984 993 984 993 1028 1011 1028 1011 1028 1011 1151 995 1151 995 1153 995 1153 995 1153 995 1156 995 1156 995 1206 1016 1236 1005 1236 1005 1238 1005 1238 1005 1240 1005 1240 1005 1373 1021 1380 1021 1384 1021 1450 1005 1450 1005 1450 1005 1453 1005 1453 1005 1453 1005 1565 1025 1581 1027 1583 1025 1606 1009 1608 1009 1608 1009 1608 1009 1610 1009 1610 1009 1613 1009 1661 1009 1661 1009 1789 1016 1789 1016 1791 1016 1791 1016 1830 1032 1839 1034 1871 1032 1974 1025 1976 1025 1976 1025 1976 1025 1978 1025 1978 1025 1978 1025 1999 1037 2006 1039 2081 1039 2086 1087 2081 1098 1891 1084 1793 1094 1745 1096 1743 1096 1743 1096 1743 1096 1711 1091 1645 1078 1606 1089 1594 1091 1592 1091 1592 1091 1590 1091 1590 1091 1590 1091 1587 1091 1587 1091 1587 1091 1585 1091 1585 1089 1583 1087 1567 1073 1407 1071 1217 1078 1215 1078 1215 1078 1215 1078 1149 1064 1014 1073 984 1075 982 1075 982 1075 982 1075 980 1075 980 1075 973 1073 939 1059 342 1059"/></Shape>
	    <String CONTENT="jeunes Demoiselles. Prenez garde qu&#39;au lien de les diriger, elles ne"
                    HPOS="338"
                    VPOS="975"
                    WIDTH="1748"
                    HEIGHT="123"></String>
          </TextLine>

          
          
          <TextLine ID="eSc_line_ff6718a9"
                    
                    BASELINE="340 1112 1448 1126 2074 1144" 
                    HPOS="338"
                    VPOS="1057"
                    WIDTH="1736"
                    HEIGHT="103">
            <Shape><Polygon POINTS="340 1112 338 1068 504 1057 507 1057 507 1057 507 1057 509 1057 509 1057 543 1071 546 1073 708 1073 712 1073 788 1059 788 1059 788 1059 790 1059 1094 1078 1236 1066 1238 1066 1238 1066 1238 1066 1240 1066 1240 1066 1240 1066 1272 1082 1272 1082 1274 1082 1320 1071 1322 1071 1322 1071 1325 1071 1325 1071 1421 1084 1425 1084 1430 1084 1485 1071 1487 1071 1487 1071 1489 1071 1489 1071 1489 1071 1492 1071 1492 1071 1492 1071 1494 1071 1494 1071 1508 1082 1597 1073 1597 1073 1599 1073 1599 1073 1601 1073 1651 1089 1658 1089 1663 1089 1713 1075 1715 1075 1715 1075 1718 1075 1718 1075 1718 1075 1720 1075 1720 1075 1720 1075 1722 1075 1741 1089 1743 1089 1745 1089 1916 1078 1919 1078 1919 1078 1919 1078 1921 1078 1921 1078 1921 1078 1923 1078 1923 1078 1942 1094 1944 1094 1948 1094 2006 1082 2006 1082 2008 1082 2008 1082 2008 1082 2072 1096 2074 1144 2070 1160 1770 1142 1571 1151 1544 1151 1542 1151 1542 1151 1542 1151 1539 1151 1539 1151 1539 1151 1537 1151 1514 1137 1501 1148 1498 1151 1498 1151 1496 1151 1496 1151 1496 1151 1494 1151 1494 1151 1494 1153 1382 1153 1380 1151 1112 1146 1112 1146 1112 1146 1110 1146 1110 1146 1110 1146 1108 1146 1101 1142 1083 1128 678 1123 660 1130 648 1137 648 1137 648 1137 646 1137 646 1137 646 1139 548 1139 546 1137 546 1137 543 1137 543 1137 518 1128 502 1123 340 1123"/></Shape>
	    <String CONTENT="vous dirigent. La Nature est faible ; mais il faut à la vérité qu&#39;elle"
                    HPOS="338"
                    VPOS="1057"
                    WIDTH="1736"
                    HEIGHT="103"></String>
          </TextLine>

          
          
          <TextLine ID="eSc_line_6f3de83b"
                    
                    BASELINE="333 1174 2076 1208" 
                    HPOS="326"
                    VPOS="1116"
                    WIDTH="1750"
                    HEIGHT="128">
            <Shape><Polygon POINTS="333 1174 326 1132 349 1119 351 1119 351 1119 354 1119 354 1119 354 1119 356 1119 356 1119 358 1119 358 1119 395 1132 431 1116 431 1116 434 1116 434 1116 434 1116 436 1116 436 1116 436 1116 438 1116 438 1116 482 1135 484 1135 486 1135 543 1119 546 1119 546 1119 548 1119 548 1119 548 1119 550 1119 550 1119 552 1119 552 1119 552 1121 571 1135 623 1121 626 1121 626 1121 628 1121 628 1121 628 1121 630 1121 687 1137 699 1139 726 1137 849 1126 849 1126 852 1126 852 1126 854 1126 900 1139 913 1144 925 1139 952 1128 952 1128 955 1128 955 1128 957 1128 1030 1128 1030 1128 1030 1128 1032 1128 1073 1142 1089 1146 1137 1142 1254 1132 1254 1132 1256 1132 1414 1146 1526 1155 2074 1155 2076 1208 2072 1244 1880 1240 1880 1240 1880 1240 1878 1240 1871 1238 1827 1226 1789 1235 1766 1240 1766 1240 1766 1240 1763 1240 1763 1240 1761 1240 1761 1240 1745 1233 1693 1215 1651 1231 1638 1235 1638 1235 1635 1235 1635 1235 1633 1235 1633 1235 1633 1235 1631 1235 1631 1235 1617 1228 1574 1210 1521 1226 1498 1233 1496 1233 1496 1233 1496 1235 1400 1235 1398 1233 1398 1233 1334 1219 1261 1201 1096 1201 1051 1210 977 1224 977 1224 977 1224 975 1224 975 1224 973 1224 973 1224 973 1224 943 1210 918 1217 916 1217 916 1217 916 1217 913 1217 913 1217 911 1217 911 1217 911 1217 909 1217 909 1217 893 1203 881 1194 788 1194 722 1196 459 1215 456 1215 456 1215 456 1215 329 1183"/></Shape>
	    <String CONTENT="soit forte pour être faible, et à vous en croire, on peut s&#39;en fier"
                    HPOS="326"
                    VPOS="1116"
                    WIDTH="1750"
                    HEIGHT="128"></String>
          </TextLine>

          
          
          <TextLine ID="eSc_line_aebbd34a"
                    
                    BASELINE="340 1249 1304 1258" 
                    HPOS="335"
                    VPOS="1196"
                    WIDTH="969"
                    HEIGHT="71">
            <Shape><Polygon POINTS="340 1249 340 1208 486 1208 486 1208 509 1196 509 1196 509 1196 511 1196 511 1196 511 1196 514 1196 514 1196 516 1196 516 1196 516 1196 518 1196 536 1208 575 1196 578 1196 578 1196 578 1196 580 1196 950 1212 971 1212 975 1212 1060 1201 1060 1201 1062 1201 1062 1201 1062 1201 1064 1201 1064 1201 1064 1201 1067 1201 1067 1201 1067 1203 1078 1212 1112 1203 1115 1203 1115 1203 1115 1203 1117 1203 1302 1217 1304 1258 1300 1267 335 1263"/></Shape>
	    <String CONTENT="à vous. Je ne vous le souhaite pas."
                    HPOS="335"
                    VPOS="1196"
                    WIDTH="969"
                    HEIGHT="71"></String>
          </TextLine>

          
          
          <TextLine ID="eSc_line_c1c516ab"
                    
                    BASELINE="399 1308 1092 1320 2056 1352" 
                    HPOS="397"
                    VPOS="1251"
                    WIDTH="1659"
                    HEIGHT="112">
            <Shape><Polygon POINTS="399 1308 397 1260 450 1251 450 1251 452 1251 452 1251 552 1265 582 1267 587 1265 603 1254 605 1254 605 1254 605 1254 607 1254 607 1254 610 1254 610 1254 610 1254 612 1254 653 1265 726 1256 726 1256 728 1256 728 1256 813 1272 831 1274 838 1272 861 1263 861 1263 863 1263 863 1263 863 1263 865 1263 865 1263 868 1263 868 1263 868 1263 888 1274 895 1276 904 1274 948 1263 950 1263 950 1263 952 1263 952 1263 952 1263 1039 1279 1060 1281 1076 1279 1140 1267 1140 1267 1140 1267 1142 1267 1142 1267 1245 1283 1245 1283 1245 1283 1281 1272 1284 1272 1284 1272 1284 1272 1286 1272 1286 1272 1286 1272 1288 1272 1288 1272 1290 1272 1290 1272 1309 1285 1313 1288 1336 1285 1414 1281 1414 1281 1416 1281 1590 1295 1640 1297 1663 1297 1800 1285 1802 1285 1802 1285 1802 1285 1805 1285 1805 1285 1805 1285 1807 1285 1830 1301 1832 1301 1841 1301 1962 1290 1962 1290 1964 1290 1964 1290 2054 1308 2056 1352 2051 1363 1558 1361 1558 1361 1558 1361 1555 1361 1555 1361 1523 1349 1508 1345 1471 1347 1393 1356 1393 1356 1391 1356 1391 1356 1329 1345 1306 1340 1258 1343 1165 1347 1162 1347 1162 1347 1094 1338 1044 1331 1019 1336 982 1343 982 1343 982 1343 980 1343 980 1343 888 1331 838 1327 804 1329 731 1338 731 1338 728 1338 728 1338 726 1338 683 1327 664 1322 610 1324 479 1331 477 1331 477 1331 397 1317"/></Shape>
	    <String CONTENT="Voici le Pétrone. Cette lecture ne va pas avec vos demoiselles."
                    HPOS="397"
                    VPOS="1251"
                    WIDTH="1659"
                    HEIGHT="112"></String>
          </TextLine>

          
          
          <TextLine ID="eSc_line_8fb7a496"
                    
                    BASELINE="335 1381 696 1379 1738 1400 2081 1416" 
                    HPOS="331"
                    VPOS="1320"
                    WIDTH="1750"
                    HEIGHT="109">
            <Shape><Polygon POINTS="335 1381 331 1336 402 1320 402 1320 402 1320 404 1320 404 1320 404 1320 475 1336 562 1322 562 1322 562 1322 564 1322 564 1322 669 1340 683 1340 694 1340 795 1327 795 1327 797 1327 982 1343 1035 1347 1080 1345 1204 1336 1206 1336 1206 1336 1334 1347 1405 1356 1615 1359 1670 1352 1729 1345 1729 1345 1731 1345 1731 1345 1791 1354 1814 1356 1848 1354 1926 1349 1928 1349 1928 1349 1928 1349 1930 1349 1930 1349 1946 1356 1971 1365 2076 1359 2081 1416 2076 1429 1030 1400 973 1409 973 1409 971 1409 971 1409 971 1409 911 1397 849 1407 849 1407 847 1407 847 1407 845 1407 795 1395 685 1404 683 1404 680 1404 680 1404 676 1404 562 1391 335 1397"/></Shape>
	    <String CONTENT="Elle est bonne pour de vieux routiers comme nous ; gardez le donc pour"
                    HPOS="331"
                    VPOS="1320"
                    WIDTH="1750"
                    HEIGHT="109"></String>
          </TextLine>

          
          
          <TextLine ID="eSc_line_e344bd11"
                    
                    BASELINE="338 1450 1745 1464 2092 1484" 
                    HPOS="331"
                    VPOS="1395"
                    WIDTH="1761"
                    HEIGHT="103">
            <Shape><Polygon POINTS="338 1450 335 1409 427 1397 427 1397 429 1397 429 1397 507 1409 507 1409 507 1409 573 1395 573 1395 573 1395 575 1395 575 1395 578 1395 578 1395 578 1395 580 1395 580 1395 598 1409 781 1397 783 1397 783 1397 783 1397 785 1397 785 1397 785 1397 815 1413 902 1413 1000 1400 1000 1400 1003 1400 1003 1400 1005 1400 1062 1416 1064 1416 1064 1416 1153 1402 1153 1402 1156 1402 1156 1402 1156 1402 1158 1402 1204 1416 1240 1404 1242 1404 1242 1404 1242 1404 1245 1404 1245 1404 1245 1404 1247 1404 1247 1404 1249 1404 1272 1418 1274 1420 1457 1420 1460 1420 1539 1407 1539 1407 1542 1407 1542 1407 1542 1407 1544 1407 1594 1423 1597 1423 1615 1423 1875 1411 1878 1411 2086 1429 2092 1484 2088 1498 1672 1493 1672 1493 1672 1493 1670 1493 1670 1493 1670 1493 1661 1489 1633 1475 1535 1471 1489 1484 1487 1484 1487 1484 1487 1484 1487 1484 1485 1484 1485 1484 1485 1484 1482 1484 1482 1484 1482 1484 1480 1484 1457 1471 1352 1471 1302 1482 1263 1489 1263 1489 1263 1489 1261 1489 1261 1489 1258 1489 1258 1489 1258 1489 1256 1489 1242 1480 1222 1466 1124 1466 1103 1477 1103 1477 1101 1477 1101 1477 1099 1477 1099 1477 1099 1477 1096 1477 1096 1477 1096 1477 1094 1477 1094 1477 1092 1477 1092 1477 1092 1475 1076 1464 632 1459 582 1464 459 1480 459 1480 456 1480 456 1480 456 1480 454 1480 402 1461 363 1475 363 1475 361 1475 361 1475 358 1475 358 1475 358 1475 356 1475 356 1475 356 1475 354 1475 331 1459"/></Shape>
	    <String CONTENT="vous. Il m&#39;est arrivé hier une cargaison de vieux gardes boutiques"
                    HPOS="331"
                    VPOS="1395"
                    WIDTH="1761"
                    HEIGHT="103"></String>
          </TextLine>

          
          
          <TextLine ID="eSc_line_70d61d22"
                    
                    BASELINE="345 1516 977 1516 1923 1537 2086 1553" 
                    HPOS="342"
                    VPOS="1459"
                    WIDTH="1744"
                    HEIGHT="96">
            <Shape><Polygon POINTS="345 1516 342 1475 486 1459 486 1459 488 1459 488 1459 491 1459 557 1475 655 1461 655 1461 658 1461 658 1461 658 1461 660 1461 660 1461 696 1477 724 1466 724 1466 726 1466 726 1466 726 1466 728 1466 728 1466 847 1482 854 1482 854 1482 877 1466 879 1466 879 1466 879 1466 881 1466 881 1466 884 1466 964 1466 964 1466 964 1466 1057 1480 1146 1471 1146 1471 1149 1471 1149 1471 1151 1471 1151 1471 1151 1471 1153 1471 1172 1484 1204 1473 1204 1473 1206 1473 1206 1473 1208 1473 1208 1473 1208 1473 1210 1473 1252 1486 1414 1475 1416 1475 1416 1475 1416 1475 1478 1489 1514 1475 1514 1475 1517 1475 1517 1475 1519 1475 1519 1475 1519 1475 1521 1475 1574 1493 1574 1493 1574 1493 1606 1477 1606 1477 1606 1477 1608 1477 1608 1477 1610 1477 1674 1477 1674 1477 1674 1477 1677 1477 1731 1496 1731 1496 1734 1496 1775 1480 1775 1480 1777 1480 1777 1480 1777 1480 1779 1480 1779 1480 1782 1480 1782 1480 1830 1498 1832 1498 1832 1498 1855 1482 1857 1482 1857 1482 1857 1482 1859 1482 1859 1482 1862 1482 1862 1482 1862 1482 1864 1482 1864 1482 1864 1482 1866 1482 1866 1482 1882 1498 2083 1502 2086 1553 2074 1555 715 1525 345 1530"/></Shape>
	    <String CONTENT="que de Saër aura été sans doute charmé que je lui aie demandé"
                    HPOS="342"
                    VPOS="1459"
                    WIDTH="1744"
                    HEIGHT="96"></String>
          </TextLine>

          
          
          <TextLine ID="eSc_line_12758d65"
                    
                    BASELINE="319 1578 1233 1601 2088 1605" 
                    HPOS="317"
                    VPOS="1523"
                    WIDTH="1771"
                    HEIGHT="101">
            <Shape><Polygon POINTS="319 1578 317 1537 431 1523 431 1523 434 1523 434 1523 436 1523 436 1523 436 1523 438 1523 438 1523 456 1539 642 1539 783 1525 783 1525 785 1525 785 1525 788 1525 852 1541 927 1528 927 1528 927 1528 929 1528 929 1528 932 1528 932 1528 984 1546 1032 1534 1035 1534 1035 1534 1037 1534 1037 1534 1037 1534 1101 1548 1121 1532 1121 1532 1124 1532 1124 1532 1126 1532 1126 1532 1128 1532 1178 1532 1178 1532 1178 1532 1181 1532 1181 1532 1181 1532 1220 1550 1220 1550 1220 1550 1284 1534 1286 1534 1286 1534 1288 1534 1288 1534 1288 1534 1290 1534 1290 1534 1290 1534 1293 1534 1293 1534 1313 1553 1338 1553 1361 1553 1370 1553 1649 1539 1651 1539 1651 1539 1654 1539 1727 1557 1914 1544 1916 1544 1916 1544 2088 1566 2088 1605 2083 1619 1757 1610 1738 1614 1706 1624 1704 1624 1704 1624 1704 1624 1702 1624 1702 1624 1638 1612 1606 1608 1583 1612 1549 1619 1549 1619 1546 1619 934 1614 934 1614 934 1614 932 1614 877 1601 861 1596 817 1598 667 1610 664 1610 664 1610 664 1610 662 1610 619 1596 605 1592 582 1594 502 1608 502 1608 500 1608 500 1608 500 1608 498 1608 498 1608 498 1608 495 1608 475 1594 468 1589 440 1592 374 1601 374 1601 372 1601 372 1601 372 1601 317 1589"/></Shape>
	    <String CONTENT="mais ce sont de bons bouche-trous dans ma bibliothèque et dans mon"
                    HPOS="317"
                    VPOS="1523"
                    WIDTH="1771"
                    HEIGHT="101"></String>
          </TextLine>

          
          
          <TextLine ID="eSc_line_06137a48"
                    
                    BASELINE="335 1651 2017 1669" 
                    HPOS="333"
                    VPOS="1596"
                    WIDTH="1684"
                    HEIGHT="94">
            <Shape><Polygon POINTS="335 1651 333 1603 436 1596 438 1596 438 1596 438 1596 479 1605 520 1612 578 1605 646 1598 646 1598 648 1598 648 1598 651 1598 651 1598 676 1608 696 1614 715 1608 731 1603 731 1603 733 1603 733 1603 735 1603 735 1603 783 1610 838 1617 856 1610 884 1601 884 1601 886 1601 886 1601 888 1601 888 1601 888 1601 936 1612 968 1621 1176 1621 1185 1617 1206 1608 1206 1608 1208 1608 1208 1608 1208 1608 1210 1608 1210 1608 1213 1608 1213 1608 1213 1608 1215 1608 1215 1608 1226 1617 1233 1624 1384 1624 1439 1619 1592 1608 1594 1608 1594 1608 1594 1608 1661 1624 1674 1626 1686 1624 1754 1610 1754 1610 1754 1610 1757 1610 1757 1610 1759 1610 1811 1624 1889 1612 1889 1612 1891 1612 1891 1612 2015 1630 2017 1669 2015 1676 1864 1690 1864 1690 1862 1690 1862 1690 1859 1690 1809 1676 1802 1676 1786 1676 1651 1687 1651 1687 1649 1687 1476 1676 1437 1674 1430 1676 1402 1685 1402 1685 1400 1685 1400 1685 1398 1685 1185 1683 1185 1683 1185 1683 1183 1683 1183 1683 1183 1683 1181 1683 1181 1683 1181 1681 1174 1674 1167 1669 1096 1674 1019 1681 1016 1681 1016 1681 1016 1681 1014 1681 991 1674 966 1667 948 1674 939 1678 939 1678 936 1678 936 1678 936 1681 804 1681 801 1678 801 1678 799 1678 783 1674 756 1665 728 1674 722 1676 722 1676 719 1676 719 1676 717 1676 717 1676 717 1676 715 1676 706 1674 678 1665 335 1672"/></Shape>
	    <String CONTENT="temps. J&#39;en ai pour deux mois à lire, sans débrider, si je le veux"
                    HPOS="333"
                    VPOS="1596"
                    WIDTH="1684"
                    HEIGHT="94"></String>
          </TextLine>

          
          
          <TextLine ID="eSc_line_35a2bee1"
                    
                    BASELINE="415 1715 1944 1733 2136 1749" 
                    HPOS="413"
                    VPOS="1658"
                    WIDTH="1727"
                    HEIGHT="98">
            <Shape><Polygon POINTS="415 1715 415 1667 591 1676 632 1669 712 1658 712 1658 715 1658 715 1658 715 1658 717 1658 717 1658 717 1658 719 1658 740 1672 747 1676 751 1672 776 1660 776 1660 776 1660 779 1660 779 1660 781 1660 865 1660 865 1660 865 1660 868 1660 868 1660 868 1660 870 1660 893 1676 895 1676 900 1676 932 1667 934 1667 934 1667 936 1667 936 1667 936 1667 984 1676 1003 1681 1019 1678 1085 1662 1085 1662 1085 1662 1087 1662 1087 1662 1089 1662 1089 1662 1089 1662 1126 1681 1133 1683 1149 1681 1217 1667 1217 1667 1220 1667 1220 1667 1220 1667 1222 1667 1222 1667 1258 1683 1265 1685 1284 1683 1348 1674 1348 1674 1350 1674 1350 1674 1514 1687 1526 1687 1528 1687 1565 1674 1565 1674 1567 1674 1567 1674 1569 1674 1569 1674 1784 1692 1789 1692 1791 1692 2106 1676 2108 1676 2108 1676 2108 1676 2111 1676 2111 1676 2111 1676 2113 1676 2113 1676 2140 1699 2136 1749 2131 1756 413 1731"/></Shape>
	    <String CONTENT="Vous ni parlez plus de guerre, comme ces gens qui voyant que les choses"
                    HPOS="413"
                    VPOS="1658"
                    WIDTH="1727"
                    HEIGHT="98"></String>
          </TextLine>

          
          
          <TextLine ID="eSc_line_05b51f2c"
                    
                    BASELINE="324 1781 1503 1797 2026 1813 2131 1825" 
                    HPOS="322"
                    VPOS="1724"
                    WIDTH="1809"
                    HEIGHT="107">
            <Shape><Polygon POINTS="324 1781 326 1724 383 1740 484 1731 484 1731 486 1731 648 1745 676 1733 680 1731 680 1731 683 1731 683 1731 685 1731 783 1731 783 1731 783 1731 785 1731 801 1735 838 1749 1133 1751 1149 1745 1162 1738 1162 1738 1162 1738 1165 1738 1165 1738 1167 1738 1167 1738 1167 1738 1169 1738 1169 1738 1172 1738 1183 1745 1197 1754 1224 1747 1240 1742 1242 1742 1242 1742 1242 1742 1245 1742 1245 1742 1279 1747 1332 1756 1412 1751 1510 1745 1512 1745 1512 1745 1512 1745 1562 1754 1594 1763 1800 1763 1811 1761 1855 1749 1857 1749 1857 1749 1859 1749 2086 1754 2086 1754 2086 1754 2088 1754 2131 1770 2131 1825 2127 1831 1450 1809 1286 1818 1284 1818 1281 1818 1281 1818 1281 1818 1190 1804 1144 1815 1142 1815 1142 1815 1142 1815 1142 1815 1140 1815 1140 1815 1137 1815 1051 1802 822 1811 804 1811 801 1811 733 1809 667 1806 667 1806 667 1806 664 1806 664 1806 662 1806 662 1806 648 1795 621 1806 621 1806 619 1806 619 1806 616 1806 616 1806 509 1795 322 1802"/></Shape>
	    <String CONTENT="vont comme ils les avaient annoncées, se taisent par excès de satisfac-"
                    HPOS="322"
                    VPOS="1724"
                    WIDTH="1809"
                    HEIGHT="107"></String>
          </TextLine>

          
          
          <TextLine ID="eSc_line_2b011a95"
                    
                    BASELINE="331 1857 1213 1861 2113 1893" 
                    HPOS="326"
                    VPOS="1795"
                    WIDTH="1787"
                    HEIGHT="119">
            <Shape><Polygon POINTS="331 1857 331 1795 454 1809 525 1799 555 1795 555 1795 557 1795 557 1795 557 1795 559 1795 559 1795 562 1795 568 1799 587 1811 635 1802 660 1797 660 1797 660 1797 662 1797 662 1797 664 1797 664 1797 664 1797 676 1802 696 1813 797 1804 847 1802 849 1802 849 1802 849 1802 852 1802 868 1806 904 1818 1025 1811 1105 1806 1108 1806 1108 1806 1172 1813 1220 1820 1265 1815 1313 1813 1316 1813 1316 1813 1316 1813 1318 1813 1318 1813 1332 1818 1354 1827 1455 1822 1555 1815 1558 1815 1558 1815 1558 1815 1615 1825 1656 1831 1690 1827 1738 1820 1738 1820 1741 1820 1741 1820 1825 1829 1894 1838 2111 1838 2113 1893 2111 1914 2015 1914 2012 1911 2012 1911 2010 1911 2003 1909 1937 1893 1752 1902 1715 1904 1713 1904 1713 1904 1683 1902 1539 1884 1402 1895 1352 1898 1352 1898 1350 1898 1350 1898 1311 1893 1215 1875 950 1873 911 1882 900 1884 897 1884 897 1884 895 1884 895 1884 895 1884 893 1884 893 1884 886 1882 861 1870 820 1879 788 1886 788 1886 788 1886 785 1886 326 1866"/></Shape>
	    <String CONTENT="tion. Eh ! bien, j&#39;ai pourtant encore un fond d&#39;incrédulité et malgré"
                    HPOS="326"
                    VPOS="1795"
                    WIDTH="1787"
                    HEIGHT="119"></String>
          </TextLine>

          
          
          <TextLine ID="eSc_line_fff631e5"
                    
                    BASELINE="335 1939 1444 1946" 
                    HPOS="326"
                    VPOS="1877"
                    WIDTH="1118"
                    HEIGHT="89">
            <Shape><Polygon POINTS="335 1939 333 1895 555 1877 557 1877 557 1877 557 1877 559 1877 559 1877 559 1877 594 1895 596 1898 703 1898 706 1898 717 1886 717 1884 717 1884 719 1884 719 1884 719 1884 722 1884 722 1884 722 1884 724 1884 724 1884 813 1898 820 1898 824 1898 886 1879 888 1879 888 1879 891 1879 989 1879 989 1879 989 1879 991 1879 991 1879 1039 1898 1067 1879 1069 1879 1069 1879 1069 1879 1071 1879 1071 1879 1073 1879 1073 1879 1073 1879 1076 1879 1076 1879 1076 1879 1115 1900 1117 1900 1121 1900 1176 1882 1178 1882 1178 1882 1178 1882 1181 1882 1441 1902 1444 1946 1441 1952 1380 1966 1380 1966 1380 1966 1377 1966 1044 1952 795 1964 792 1964 792 1964 792 1964 731 1952 354 1959 351 1959 351 1959 349 1959 349 1959 349 1959 347 1959 326 1946"/></Shape>
	    <String CONTENT="votre silence je ne puis ête de votre avis."
                    HPOS="326"
                    VPOS="1877"
                    WIDTH="1118"
                    HEIGHT="89"></String>
          </TextLine>

          
          
          <TextLine ID="eSc_line_5d4f1c01"
                    
                    BASELINE="390 1998 1779 2012 2102 2039" 
                    HPOS="390"
                    VPOS="1943"
                    WIDTH="1712"
                    HEIGHT="103">
            <Shape><Polygon POINTS="390 1998 390 1948 614 1957 626 1950 637 1943 639 1943 639 1943 639 1943 642 1943 642 1943 644 1943 644 1943 644 1943 646 1943 646 1943 646 1943 662 1952 674 1957 690 1952 703 1948 706 1948 706 1948 706 1948 708 1948 788 1955 865 1959 886 1955 925 1946 927 1946 927 1946 929 1946 929 1946 929 1946 932 1946 932 1946 934 1946 934 1946 948 1957 948 1957 948 1957 971 1948 971 1948 973 1948 973 1948 975 1948 975 1948 1060 1959 1089 1962 1099 1959 1121 1950 1121 1950 1124 1950 1124 1950 1126 1950 1126 1950 1126 1950 1181 1962 1201 1964 1213 1962 1238 1952 1240 1952 1240 1952 1240 1952 1242 1952 1242 1952 1245 1952 1245 1952 1245 1952 1263 1962 1272 1966 1295 1962 1341 1955 1341 1955 1343 1955 1343 1955 1343 1955 1389 1964 1402 1966 1416 1964 1478 1955 1478 1955 1480 1955 1480 1955 1480 1955 1482 1955 1482 1955 1482 1955 1485 1955 1501 1966 1501 1966 1503 1966 1539 1955 1542 1955 1542 1955 1542 1955 1544 1955 1544 1955 1546 1955 1590 1968 1603 1971 1626 1968 1709 1957 1709 1957 1711 1957 1711 1957 1711 1957 1713 1957 1759 1971 1768 1973 1770 1971 1786 1959 1789 1959 1789 1959 1789 1959 1791 1959 1791 1959 1793 1959 1871 1959 1871 1959 1871 1959 1873 1959 1926 1973 1937 1978 2102 1978 2102 2039 2097 2046 1768 2026 1699 2042 1697 2042 1697 2042 1697 2042 1695 2042 1695 2042 1688 2042 1587 2030 1503 2039 1494 2039 1494 2039 1492 2039 1492 2039 1489 2039 1489 2039 1489 2039 1487 2039 1487 2039 1487 2039 1466 2023 1272 2035 1270 2035 1270 2035 1270 2035 1268 2035 1206 2019 1035 2019 1003 2032 1003 2032 1003 2032 1000 2032 1000 2032 1000 2032 998 2032 998 2032 989 2032 875 2019 822 2030 817 2030 817 2030 817 2030 815 2030 815 2030 815 2030 813 2030 811 2030 756 2012 390 2023"/></Shape>
	    <String CONTENT="Il n&#39;y a pas moyen de rien donner pour le major, dans le sens où vous"
                    HPOS="390"
                    VPOS="1943"
                    WIDTH="1712"
                    HEIGHT="103"></String>
          </TextLine>

          
          
          <TextLine ID="eSc_line_62509275"
                    
                    BASELINE="333 2062 1802 2090 2074 2112" 
                    HPOS="331"
                    VPOS="2000"
                    WIDTH="1743"
                    HEIGHT="121">
            <Shape><Polygon POINTS="333 2062 331 2016 427 2000 427 2000 429 2000 429 2000 429 2000 530 2019 539 2019 557 2019 726 2007 728 2007 728 2007 728 2007 731 2007 731 2007 731 2007 758 2021 763 2023 781 2021 865 2010 865 2010 868 2010 868 2010 868 2010 870 2010 913 2023 925 2026 950 2023 1039 2014 1039 2014 1041 2014 1041 2014 1044 2014 1044 2014 1071 2026 1087 2030 1121 2026 1192 2016 1192 2016 1194 2016 1194 2016 1194 2016 1242 2028 1265 2032 1279 2028 1302 2019 1302 2019 1304 2019 1304 2019 1304 2019 1306 2019 1306 2019 1309 2019 1309 2019 1309 2019 1311 2019 1311 2019 1322 2028 1332 2035 1414 2030 1517 2023 1519 2023 1519 2023 1519 2023 1521 2023 1521 2023 1523 2023 1535 2030 1551 2039 2072 2039 2074 2112 2070 2121 1606 2099 1562 2112 1560 2112 1558 2112 1558 2112 1555 2112 1322 2108 1322 2108 1322 2108 1320 2108 1320 2108 1320 2108 1318 2108 1288 2092 1131 2103 1110 2103 1108 2103 1108 2103 1108 2103 1105 2103 1105 2103 1105 2103 1103 2103 1103 2103 1085 2090 1023 2099 1023 2099 1021 2099 1021 2099 1021 2099 1019 2099 975 2083 843 2083 824 2096 824 2096 822 2096 822 2096 822 2096 822 2096 820 2096 820 2096 817 2096 817 2096 817 2096 811 2096 728 2080 637 2092 632 2092 632 2092 630 2092 621 2092 420 2076 333 2085"/></Shape>
	    <String CONTENT="l&#39;entendez. J&#39;aurais fait quelques frais de politesse pour sa conversation"
                    HPOS="331"
                    VPOS="2000"
                    WIDTH="1743"
                    HEIGHT="121"></String>
          </TextLine>

          
          
          <TextLine ID="eSc_line_ced1b437"
                    
                    BASELINE="322 2137 2049 2165" 
                    HPOS="319"
                    VPOS="2083"
                    WIDTH="1730"
                    HEIGHT="102">
            <Shape><Polygon POINTS="322 2137 322 2092 486 2096 493 2094 507 2083 509 2083 509 2083 509 2083 511 2083 511 2083 511 2083 514 2083 514 2083 516 2083 516 2083 548 2094 555 2096 564 2094 612 2085 612 2085 612 2085 614 2085 614 2085 616 2085 616 2085 616 2085 639 2096 644 2099 678 2096 804 2090 806 2090 806 2090 877 2101 895 2103 900 2101 925 2090 925 2090 925 2090 927 2090 927 2090 929 2090 929 2090 929 2090 932 2090 932 2090 964 2103 966 2103 982 2103 1119 2092 1121 2092 1121 2092 1121 2092 1124 2092 1176 2106 1185 2110 1327 2110 1341 2110 1453 2096 1453 2096 1455 2096 1795 2117 1896 2103 1896 2103 1898 2103 1898 2103 2049 2124 2049 2165 2044 2185 319 2151"/></Shape>
	    <String CONTENT="et sa société surtout dans l&#39;éloignement de toute chose où je vis ;"
                    HPOS="319"
                    VPOS="2083"
                    WIDTH="1730"
                    HEIGHT="102"></String>
          </TextLine>

          
          
          <TextLine ID="eSc_line_d4ba42ef"
                    
                    BASELINE="319 2201 2111 2229" 
                    HPOS="315"
                    VPOS="2151"
                    WIDTH="1796"
                    HEIGHT="103">
            <Shape><Polygon POINTS="319 2201 317 2163 740 2151 742 2151 742 2151 742 2151 795 2163 836 2153 838 2153 838 2153 840 2153 840 2153 840 2153 843 2153 843 2153 879 2169 881 2169 884 2169 934 2156 936 2156 936 2156 939 2156 939 2156 1048 2172 1069 2174 1085 2172 1160 2160 1160 2160 1162 2160 1162 2160 1162 2160 1224 2174 1238 2176 1277 2174 1496 2163 1498 2163 1594 2165 1594 2165 1594 2165 1597 2165 1597 2165 1597 2165 1599 2165 1619 2179 1747 2167 1747 2167 1750 2167 1750 2167 1864 2183 1885 2185 1894 2183 1935 2169 1937 2169 1937 2169 1937 2169 1939 2169 1939 2169 1939 2169 1942 2169 1942 2169 1944 2169 1969 2185 1974 2188 1985 2185 2017 2176 2019 2176 2019 2176 2022 2176 2022 2176 2108 2188 2111 2229 2108 2252 1964 2254 1962 2254 1962 2254 1960 2254 1960 2254 1960 2254 1951 2249 1932 2240 1916 2247 1907 2252 1907 2252 1907 2252 1905 2252 1905 2252 1903 2252 1670 2249 1670 2249 1590 2240 1508 2231 1448 2238 1370 2245 1370 2245 1368 2245 1368 2245 1368 2245 1320 2233 1286 2227 1210 2231 1069 2240 1067 2240 1067 2240 1067 2240 1064 2240 1016 2227 998 2222 950 2224 801 2236 799 2236 799 2236 799 2236 797 2236 797 2236 797 2236 769 2220 760 2215 616 2215 514 2215 514 2215 472 2231 472 2231 470 2231 470 2231 470 2231 468 2231 468 2231 468 2231 466 2231 411 2213 411 2211 315 2208"/></Shape>
	    <String CONTENT="mais pour la correspondance, je me contente des miettes qui tombent"
                    HPOS="315"
                    VPOS="2151"
                    WIDTH="1796"
                    HEIGHT="103"></String>
          </TextLine>

          
          
          <TextLine ID="eSc_line_29736175"
                    
                    BASELINE="333 2270 966 2281" 
                    HPOS="329"
                    VPOS="2208"
                    WIDTH="637"
                    HEIGHT="85">
            <Shape><Polygon POINTS="333 2270 333 2217 408 2220 411 2220 431 2208 431 2208 431 2208 434 2208 434 2208 434 2208 436 2208 436 2208 438 2208 438 2208 468 2220 484 2227 493 2222 509 2211 511 2211 511 2211 511 2211 514 2211 514 2211 516 2211 667 2213 667 2213 667 2213 669 2213 669 2213 671 2213 692 2227 699 2231 767 2231 772 2229 790 2215 790 2215 792 2215 792 2215 795 2215 795 2215 795 2215 797 2215 797 2215 797 2215 799 2215 799 2215 836 2231 843 2236 964 2236 966 2281 961 2293 329 2277"/></Shape>
	    <String CONTENT="de la table de ces Dames."
                    HPOS="329"
                    VPOS="2208"
                    WIDTH="637"
                    HEIGHT="85"></String>
          </TextLine>

          
          
          <TextLine ID="eSc_line_e6a84821"
                    
                    BASELINE="422 2343 2058 2359" 
                    HPOS="422"
                    VPOS="2291"
                    WIDTH="1636"
                    HEIGHT="95">
            <Shape><Polygon POINTS="422 2343 422 2291 831 2291 831 2291 831 2291 859 2295 897 2304 980 2297 1080 2291 1083 2291 1083 2291 1083 2291 1085 2291 1085 2291 1108 2300 1126 2307 1242 2302 1414 2295 1416 2295 1416 2295 1416 2295 1418 2295 1448 2304 1462 2309 1489 2307 1576 2295 1576 2295 1578 2295 1578 2295 1670 2309 1690 2311 1704 2309 1759 2297 1759 2297 1759 2297 1761 2297 1761 2297 1885 2311 1900 2313 1912 2313 1992 2300 1992 2300 1994 2300 1994 2300 1996 2300 2058 2316 2058 2359 2056 2375 1894 2386 1891 2386 1891 2386 1891 2386 1889 2386 1889 2386 1887 2386 1887 2386 1873 2375 1864 2368 1773 2368 1759 2375 1745 2384 1743 2384 1743 2384 1741 2384 1741 2384 1741 2384 1738 2384 1738 2384 1736 2384 1702 2375 1677 2368 1670 2375 1658 2384 1658 2384 1656 2384 1656 2384 1656 2384 1654 2384 1654 2384 1651 2384 1359 2382 1359 2382 1302 2375 1242 2366 1217 2373 1199 2380 1197 2380 1197 2380 1197 2380 1194 2380 1194 2380 1194 2380 1192 2380 1192 2380 1192 2380 1181 2373 1162 2364 1108 2373 1094 2375 1094 2375 1094 2375 1092 2375 1062 2373 925 2361 870 2373 856 2375 856 2375 856 2375 854 2375 854 2375 852 2375 852 2375 845 2373 806 2359 706 2373 694 2373 694 2373 692 2373 692 2373 692 2373 690 2373 690 2373 687 2373 653 2357 422 2370"/></Shape>
	    <String CONTENT="Je ne sais pourquoi vous me parlez d&#39;oublis, je n&#39;y suis point"
                    HPOS="422"
                    VPOS="2291"
                    WIDTH="1636"
                    HEIGHT="95"></String>
          </TextLine>

          
          
          <TextLine ID="eSc_line_de98c772"
                    
                    BASELINE="329 2409 909 2405 2024 2441" 
                    HPOS="324"
                    VPOS="2348"
                    WIDTH="1700"
                    HEIGHT="128">
            <Shape><Polygon POINTS="329 2409 324 2357 472 2348 475 2348 475 2348 594 2359 621 2361 630 2359 678 2348 680 2348 680 2348 683 2348 683 2348 781 2361 815 2366 863 2364 977 2354 980 2354 980 2354 1092 2366 1181 2377 1277 2377 1290 2368 1293 2366 1293 2366 1295 2366 1295 2366 1297 2366 1297 2366 1297 2366 1300 2366 1300 2366 1329 2368 1405 2380 1430 2370 1444 2366 1444 2366 1446 2366 1446 2366 1448 2366 1448 2366 1448 2366 1450 2366 1450 2366 1464 2370 1492 2382 1565 2373 1587 2370 1587 2370 1590 2370 1590 2370 1590 2370 1606 2373 1665 2386 1686 2375 1686 2373 1688 2373 1688 2373 1688 2373 1690 2373 1690 2373 1693 2373 1693 2373 1693 2373 1704 2375 1745 2384 1779 2375 1782 2375 1784 2375 1784 2375 1784 2375 1786 2375 1786 2375 1789 2375 1789 2375 1789 2375 1791 2375 1791 2375 1791 2375 1809 2391 1928 2393 2022 2380 2024 2441 2017 2476 1978 2460 1900 2473 1894 2473 1894 2473 1894 2473 1891 2473 1891 2473 1882 2473 1798 2460 1770 2471 1768 2471 1768 2471 1766 2471 1766 2471 1766 2471 1763 2471 1763 2471 1763 2471 1754 2471 1706 2460 1496 2464 1457 2464 1455 2464 1455 2464 1455 2464 1446 2464 1348 2439 1190 2453 1188 2453 1188 2453 1188 2453 1185 2453 1185 2453 1142 2434 1087 2450 1085 2450 1085 2450 1083 2450 1083 2450 1083 2450 1080 2450 1080 2450 1080 2450 1078 2450 1078 2448 1062 2434 1041 2446 1041 2446 1041 2446 1039 2446 1039 2446 1039 2446 1037 2446 1037 2446 1035 2446 1035 2446 1035 2446 1032 2446 1032 2446 1014 2430 881 2430 822 2444 820 2444 820 2444 817 2444 817 2444 817 2444 815 2444 815 2444 815 2444 776 2423 694 2423 408 2423 326 2437"/></Shape>
	    <String CONTENT="sujette, surtout en amitié. Mettez moi sur la voie si vous voulez"
                    HPOS="324"
                    VPOS="2348"
                    WIDTH="1700"
                    HEIGHT="128"></String>
          </TextLine>

          
          
          <TextLine ID="eSc_line_a1627326"
                    
                    BASELINE="342 2526 571 2542" 
                    HPOS="340"
                    VPOS="2473"
                    WIDTH="231"
                    HEIGHT="101">
            <Shape><Polygon POINTS="342 2526 342 2473 571 2494 571 2542 564 2574 436 2544 340 2551"/></Shape>
	    <String CONTENT="(Corresp. g.)"
                    HPOS="340"
                    VPOS="2473"
                    WIDTH="231"
                    HEIGHT="101"></String>
          </TextLine>

          
        </TextBlock>
        
        <TextBlock HPOS="2364"
                   VPOS="1308"
                   WIDTH="1817"
                   HEIGHT="726"
                   ID="eSc_textblock_1ade08d7"
                   TAGREFS="BT2">
          <Shape><Polygon POINTS="4135 1315 4181 1496 4099 2016 4121 2034 2899 2034 2899 1998 2700 1998 2364 1971 2373 1352 2435 1333 2508 1311 3950 1308"/></Shape>
          
          
          <TextLine ID="eSc_line_021f8d2f"
                    
                    BASELINE="2373 415 3596 406 4087 413" 
                    HPOS="2369"
                    VPOS="349"
                    WIDTH="1718"
                    HEIGHT="96">
            <Shape><Polygon POINTS="2373 415 2369 374 2465 372 2483 356 2483 356 2485 356 2485 356 2485 356 2488 356 2488 356 2490 356 2490 356 2591 370 2609 356 2611 356 2611 356 2611 356 2613 356 2613 356 2613 356 2616 356 2616 356 2618 356 2618 356 2618 356 2645 370 2702 356 2705 356 2705 356 2707 356 2707 356 2805 370 2858 356 2860 356 2860 356 2860 356 2862 356 2862 356 2865 356 2865 356 2865 356 2890 367 3016 367 3029 354 3029 354 3032 354 3032 354 3032 354 3034 354 3034 354 3036 354 3541 365 3564 351 3566 351 3566 351 3566 351 3568 351 3568 351 3571 351 3859 365 3868 365 3868 365 3881 354 3881 354 3884 354 3884 354 3884 354 3886 354 3886 354 3888 354 3888 354 3998 363 4028 349 4028 349 4028 349 4030 349 4030 349 4032 349 4032 349 4032 349 4035 349 4087 365 4087 413 4083 438 4041 422 3971 429 3971 429 3968 429 3968 429 3966 429 3925 418 3671 431 3669 431 3669 431 3669 431 3607 420 3532 438 3516 440 3516 440 3516 440 3514 440 3431 438 3431 438 3431 438 3429 438 3429 438 3429 438 3427 438 3427 438 3402 420 3324 436 3313 438 3313 438 3313 438 3310 438 3310 438 3308 438 3301 436 3249 422 3221 436 3210 443 3210 443 3210 443 3207 443 3207 443 3207 443 3205 443 3205 443 3203 443 3203 443 3203 443 3191 436 3180 431 3139 436 3089 443 3089 443 3086 443 3086 443 3084 443 3084 443 3084 443 3082 443 3073 436 3052 422 2936 436 2910 438 2910 438 2908 438 2908 438 2906 438 2897 436 2874 429 2860 436 2842 445 2842 445 2842 445 2840 445 2840 445 2840 445 2837 445 2837 445 2835 445 2801 436 2760 424 2616 424 2597 436 2584 445 2581 445 2581 445 2581 445 2579 445 2579 445 2579 445 2577 445 2371 433"/></Shape>
	    <String CONTENT="qu j&#39;y entende, jusque là, c&#39;est vous que j&#39;accuse de m&#39;accuser."
                    HPOS="2369"
                    VPOS="349"
                    WIDTH="1718"
                    HEIGHT="96"></String>
          </TextLine>

          
          
          <TextLine ID="eSc_line_b631b2ba"
                    
                    BASELINE="2600 475 3111 475" 
                    HPOS="2595"
                    VPOS="418"
                    WIDTH="519"
                    HEIGHT="75">
            <Shape><Polygon POINTS="2600 475 2595 433 2629 418 2629 418 2632 418 2632 418 2632 418 2634 418 2634 418 2634 418 2636 418 2636 418 2636 418 2639 418 2657 431 2673 418 2675 418 2675 418 2675 418 2677 418 2677 418 2680 418 2680 418 2680 418 2682 418 2730 433 2874 433 2892 418 2892 418 2894 418 2894 418 2894 418 2897 418 2897 418 2899 418 2899 418 2901 418 2901 418 2901 418 2904 418 2904 418 2920 431 2956 418 2956 418 2958 418 2958 418 2961 418 2961 418 2961 418 2963 418 2963 418 2963 418 2990 431 3075 418 3075 418 3077 418 3077 418 3077 418 3079 418 3079 418 3114 433 3111 475 3109 493 2597 488"/></Shape>
	    <String CONTENT="Amitié et Estime"
                    HPOS="2595"
                    VPOS="418"
                    WIDTH="519"
                    HEIGHT="75"></String>
          </TextLine>

          
          
          <TextLine ID="eSc_line_62c906f5"
                    
                    BASELINE="2465 607 3683 619" 
                    HPOS="2460"
                    VPOS="545"
                    WIDTH="1223"
                    HEIGHT="89">
            <Shape><Polygon POINTS="2465 607 2460 561 2504 545 2504 545 2506 545 2506 545 2508 545 2508 545 2508 545 2511 545 2511 545 2511 545 2540 561 2540 561 2545 561 2650 548 2650 548 2652 548 2652 548 2652 548 2655 548 2705 564 2707 564 2709 564 2732 552 2732 552 2732 552 2734 552 2734 552 2737 552 2737 552 2842 564 2844 564 2846 564 2908 548 2910 548 2910 548 2913 548 2913 548 2913 548 2915 548 2915 548 2958 566 2963 566 2968 566 3041 550 3041 550 3041 550 3043 550 3164 561 3217 552 3217 552 3217 552 3219 552 3219 552 3221 552 3221 552 3221 552 3246 564 3420 552 3422 552 3422 552 3422 552 3424 552 3424 552 3427 552 3427 552 3427 555 3427 555 3440 571 3443 571 3450 571 3536 555 3536 555 3539 555 3539 555 3683 573 3683 619 3678 634 2460 623"/></Shape>
	    <String CONTENT="Je suis charmée de la délivrance de Bella."
                    HPOS="2460"
                    VPOS="545"
                    WIDTH="1223"
                    HEIGHT="89"></String>
          </TextLine>

          
          
          <TextLine ID="eSc_line_6ed78c88"
                    
                    BASELINE="3431 541 4101 545" 
                    HPOS="3427"
                    VPOS="472"
                    WIDTH="674"
                    HEIGHT="87">
            <Shape><Polygon POINTS="3431 541 3429 491 3536 472 3536 472 3539 472 3539 472 3541 472 3541 472 3541 472 3578 491 3587 481 3587 481 3589 481 3589 481 3589 481 3591 481 3591 481 3591 481 3594 481 3594 481 3667 493 3676 493 3678 493 3706 479 3706 479 3706 479 3708 479 3708 479 3710 479 3710 479 3710 479 3712 479 3758 493 3765 495 3767 493 3790 475 3790 475 3792 475 3792 475 3792 475 3795 475 3795 475 3797 475 3838 475 3838 475 3838 475 3840 475 3840 475 3897 495 3897 495 3897 495 3920 475 3920 475 3923 475 3923 475 3923 475 3925 475 3925 475 3925 475 3927 475 3927 475 3929 475 3929 475 3984 495 4005 477 4005 477 4007 477 4007 477 4007 477 4009 477 4009 477 4053 475 4055 475 4055 475 4057 475 4057 475 4057 475 4101 497 4101 545 4096 559 3427 552"/></Shape>
	    <String CONTENT="(Signé) Coustance de Salm."
                    HPOS="3427"
                    VPOS="472"
                    WIDTH="674"
                    HEIGHT="87"></String>
          </TextLine>

          
          
          <TextLine ID="eSc_line_89319123"
                    
                    BASELINE="2371 751 4101 742" 
                    HPOS="2369"
                    VPOS="687"
                    WIDTH="1732"
                    HEIGHT="94">
            <Shape><Polygon POINTS="2371 751 2369 696 2616 705 2634 694 2639 692 2641 692 2641 692 2643 692 2643 692 2643 692 2645 692 2645 692 2668 694 2707 701 2757 694 2801 689 2803 689 2968 689 2968 689 2968 689 2970 689 2970 689 2970 689 2972 689 2979 694 2993 703 3006 694 3013 689 3016 689 3016 689 3018 689 3018 689 3018 689 3020 689 3020 689 3054 694 3114 703 3137 694 3150 689 3150 689 3153 689 3153 689 3153 689 3155 689 3155 689 3157 689 3157 689 3171 694 3196 703 3281 694 3308 692 3308 692 3310 692 3310 692 3310 692 3324 694 3356 701 3374 694 3393 687 3393 687 3395 687 3395 687 3397 687 3397 687 3397 687 3399 687 3399 687 3402 687 3411 694 3424 701 3479 694 3516 689 3516 689 3518 689 3518 689 3548 694 3594 701 3605 694 3612 687 3614 687 3614 687 3614 687 3616 687 3616 687 3619 687 3619 687 3619 687 3653 694 3680 698 4094 694 4101 742 4096 767 3678 758 3630 772 3621 774 3619 774 3619 774 3616 774 3616 774 3589 772 3488 762 3429 774 3420 774 3420 774 3420 774 3418 774 3399 774 3237 760 3210 774 3205 776 3205 776 3205 776 3203 776 3203 776 3201 776 3146 776 2830 765 2769 778 2762 778 2762 778 2762 778 2760 778 2760 778 2760 778 2757 778 2757 778 2755 778 2755 778 2730 765 2645 765 2556 778 2556 778 2554 778 2554 778 2554 778 2552 778 2552 778 2517 765 2412 765 2373 781"/></Shape>
	    <String CONTENT="dont vous serez Dieu le père. Que la grâce soit avec vous ! Mais"
                    HPOS="2369"
                    VPOS="687"
                    WIDTH="1732"
                    HEIGHT="94"></String>
          </TextLine>

          
          
          <TextLine ID="eSc_line_ebcceae6"
                    
                    BASELINE="2458 682 3815 678 4094 687" 
                    HPOS="2451"
                    VPOS="619"
                    WIDTH="1643"
                    HEIGHT="82">
            <Shape><Polygon POINTS="2458 682 2451 639 2517 621 2520 621 2520 621 2522 621 2522 621 2524 621 2581 634 2639 621 2641 621 2641 621 2643 621 2643 621 2643 621 2645 621 2645 621 2648 621 2673 637 2908 637 2926 621 2926 621 2929 621 2929 621 2929 621 2931 621 2931 621 2933 621 2933 621 3057 634 3093 621 3093 621 3095 621 3095 621 3095 621 3098 621 3098 621 3198 634 3237 621 3237 621 3239 621 3239 621 3242 621 3242 621 3242 621 3244 621 3244 621 3244 621 3271 634 3299 621 3299 621 3299 621 3301 621 3301 621 3303 621 3584 634 3594 634 3596 634 3653 619 3655 619 3655 619 3655 619 3658 619 3658 619 3744 632 4032 619 4035 619 4035 619 4037 619 4094 634 4094 687 4089 696 2792 689 2458 701"/></Shape>
	    <String CONTENT="Nous dînons à 2h précises le 4. Je compte sur votre trinité"
                    HPOS="2451"
                    VPOS="619"
                    WIDTH="1643"
                    HEIGHT="82"></String>
          </TextLine>

          
          
          <TextLine ID="eSc_line_7fdeb338"
                    TAGREFS="LT3"
                    BASELINE="2380 815 2830 815" 
                    HPOS="2376"
                    VPOS="758"
                    WIDTH="454"
                    HEIGHT="82">
            <Shape><Polygon POINTS="2380 815 2376 774 2412 758 2415 758 2417 758 2495 772 2538 760 2540 760 2543 760 2680 772 2712 758 2714 758 2716 758 2830 774 2830 815 2830 836 2380 840"/></Shape>
	    <String CONTENT="cela va sans dire."
                    HPOS="2376"
                    VPOS="758"
                    WIDTH="454"
                    HEIGHT="82"></String>
          </TextLine>

          
          
          <TextLine ID="eSc_line_5239b742"
                    
                    BASELINE="2374 922 2391 916 2417 903 2465 872" 
                    HPOS="2348"
                    VPOS="829"
                    WIDTH="131"
                    HEIGHT="123">
            <Shape><Polygon POINTS="2373 920 2348 872 2437 829 2463 870 2479 899 2394 952"/></Shape>
	    <String CONTENT="1816"
                    HPOS="2348"
                    VPOS="829"
                    WIDTH="131"
                    HEIGHT="123"></String>
          </TextLine>

          
          
          <TextLine ID="eSc_line_5b1ef332"
                    
                    BASELINE="2335 1015 2342 1009 2355 998 2394 968 2521 892 2538 887" 
                    HPOS="2305"
                    VPOS="854"
                    WIDTH="270"
                    HEIGHT="201">
            <Shape><Polygon POINTS="2332 1014 2305 968 2520 854 2536 886 2575 957 2355 1055"/></Shape>
	    <String CONTENT="(de Mme Walsh"
                    HPOS="2305"
                    VPOS="854"
                    WIDTH="270"
                    HEIGHT="201"></String>
          </TextLine>

          
          
          <TextLine ID="eSc_line_46f7f6c4"
                    
                    BASELINE="3059 945 3413 941" 
                    HPOS="3054"
                    VPOS="861"
                    WIDTH="359"
                    HEIGHT="93">
            <Shape><Polygon POINTS="3059 945 3054 893 3146 897 3155 893 3210 863 3210 863 3210 863 3212 863 3212 863 3212 863 3303 861 3306 861 3306 861 3308 861 3308 861 3308 861 3310 861 3310 861 3310 863 3333 886 3409 895 3413 941 3413 950 3059 954"/></Shape>
	    <String CONTENT="Lettre"
                    HPOS="3054"
                    VPOS="861"
                    WIDTH="359"
                    HEIGHT="93"></String>
          </TextLine>

          
          
          <TextLine ID="eSc_line_9e133393"
                    
                    BASELINE="3525 941 4126 902" 
                    HPOS="3518"
                    VPOS="840"
                    WIDTH="608"
                    HEIGHT="135">
            <Shape><Polygon POINTS="3525 941 3518 899 3552 897 3552 895 3584 865 3584 863 3584 863 3587 863 3587 863 3587 863 3589 863 3589 863 3591 863 3591 863 3591 863 3680 883 3699 886 3799 881 3811 870 3824 858 3824 856 3824 856 3827 856 3827 856 3827 856 3829 856 3829 856 3831 856 3831 856 3831 856 3833 856 3833 856 3836 856 3852 865 3859 870 3868 863 3907 842 3907 842 3907 842 3909 842 3909 842 3909 842 3911 842 3911 842 3913 842 3913 842 3913 842 3916 842 3916 842 3934 858 3934 858 3936 856 3980 840 3980 840 3982 840 3982 840 3984 840 4121 840 4126 902 4126 936 4028 945 4025 945 4025 945 4025 945 4023 945 4023 945 4023 945 4014 941 3982 925 3776 936 3758 947 3733 966 3731 966 3731 966 3731 966 3728 966 3728 966 3728 966 3726 966 3626 959 3591 975 3591 975 3591 975 3589 975 3589 975 3587 975 3587 975 3587 975 3584 975 3520 954"/></Shape>
	    <String CONTENT="(Cor. génle (n° 20))"
                    HPOS="3518"
                    VPOS="840"
                    WIDTH="608"
                    HEIGHT="135"></String>
          </TextLine>

          
          
          <TextLine ID="eSc_line_825809c8"
                    
                    BASELINE="2409 1024 2413 1021 2428 1011 2450 998 2553 931" 
                    HPOS="2355"
                    VPOS="867"
                    WIDTH="215"
                    HEIGHT="165">
            <Shape><Polygon POINTS="2408 1023 2355 947 2511 867 2552 929 2570 959 2410 1032"/></Shape>
	    <String CONTENT="&amp; Walsh)"
                    HPOS="2355"
                    VPOS="867"
                    WIDTH="215"
                    HEIGHT="165"></String>
          </TextLine>

          
          
          <TextLine ID="eSc_line_abb8bf5d"
                    
                    BASELINE="2840 1089 3635 1055" 
                    HPOS="2833"
                    VPOS="961"
                    WIDTH="802"
                    HEIGHT="142">
            <Shape><Polygon POINTS="2840 1089 2833 1027 2892 1025 2892 1023 2929 986 2929 984 2929 984 2929 984 2931 984 2931 984 2933 984 2933 984 2933 984 2986 982 2988 982 2988 982 3082 998 3111 977 3114 977 3114 977 3114 977 3116 977 3116 977 3116 977 3239 973 3242 973 3242 973 3242 973 3244 973 3244 973 3244 973 3303 1007 3306 1007 3313 1005 3509 961 3509 961 3509 961 3511 961 3511 961 3514 961 3514 961 3514 961 3516 961 3555 986 3630 993 3635 1055 3635 1071 2840 1103"/></Shape>
	    <String CONTENT="A Mr le Prince de Salm"
                    HPOS="2833"
                    VPOS="961"
                    WIDTH="802"
                    HEIGHT="142"></String>
          </TextLine>

          
          
          <TextLine ID="eSc_line_4c73aed8"
                    
                    BASELINE="2469 1349 3580 1340 4103 1347" 
                    HPOS="2463"
                    VPOS="1279"
                    WIDTH="1640"
                    HEIGHT="82">
            <Shape><Polygon POINTS="2469 1349 2463 1304 2511 1283 2511 1283 2513 1283 2513 1283 2513 1283 2515 1283 2515 1283 2517 1283 2517 1283 2517 1283 2520 1283 2547 1301 2808 1301 2853 1285 2856 1285 2856 1285 2856 1285 2858 1285 3116 1297 3146 1281 3146 1281 3146 1281 3148 1281 3148 1281 3148 1281 3150 1281 3377 1297 3377 1297 3377 1297 3409 1281 3409 1281 3409 1281 3411 1281 3411 1281 3413 1281 3413 1281 3504 1292 3539 1279 3539 1279 3541 1279 3541 1279 3543 1279 4101 1295 4103 1347 4101 1356 2469 1361"/></Shape>
	    <String CONTENT="Ce n&#39;est qu&#39;hier à mon retour de Griesbash à Carlsruhe qu&#39;on"
                    HPOS="2463"
                    VPOS="1279"
                    WIDTH="1640"
                    HEIGHT="82"></String>
          </TextLine>

          
          
          <TextLine ID="eSc_line_9f9d2fd0"
                    
                    BASELINE="2648 1283 3134 1272" 
                    HPOS="2641"
                    VPOS="1201"
                    WIDTH="493"
                    HEIGHT="96">
            <Shape><Polygon POINTS="2648 1283 2641 1247 2760 1208 2762 1208 2762 1208 2762 1208 2764 1208 2764 1208 2766 1208 2766 1208 2766 1208 2769 1208 2769 1208 2769 1210 2803 1240 2865 1240 2936 1201 2936 1201 2936 1201 2938 1201 2938 1201 2940 1201 3020 1203 3020 1203 3020 1203 3022 1203 3022 1203 3025 1203 3073 1235 3130 1235 3134 1272 3134 1281 2648 1297"/></Shape>
	    <String CONTENT="Mon Prince !"
                    HPOS="2641"
                    VPOS="1201"
                    WIDTH="493"
                    HEIGHT="96"></String>
          </TextLine>

          
          
          <TextLine ID="eSc_line_d1e37371"
                    
                    BASELINE="3575 1210 4025 1210 4181 1222" 
                    HPOS="3568"
                    VPOS="1146"
                    WIDTH="613"
                    HEIGHT="89">
            <Shape><Polygon POINTS="3575 1210 3573 1155 3756 1146 3758 1146 3758 1146 3836 1158 3845 1158 3847 1158 3872 1146 3872 1146 3875 1146 3875 1146 3875 1146 3877 1146 3877 1146 3877 1146 3879 1146 3879 1146 3881 1146 3900 1158 3902 1160 3904 1158 3916 1148 3916 1148 3918 1148 3918 1148 3920 1148 3920 1148 3920 1148 3923 1148 4181 1162 4181 1222 4176 1235 4103 1224 4073 1233 4067 1235 4064 1235 4064 1235 4064 1235 4062 1235 4062 1235 4062 1235 4060 1235 4060 1235 4057 1235 4057 1235 4055 1233 4044 1224 4012 1231 3991 1235 3991 1235 3991 1235 3989 1235 3989 1235 3987 1235 3987 1235 3971 1231 3952 1224 3927 1228 3891 1235 3891 1235 3891 1235 3888 1235 3888 1235 3886 1235 3886 1235 3886 1235 3884 1235 3884 1235 3875 1226 3865 1222 3795 1224 3632 1233 3630 1233 3630 1233 3628 1233 3568 1217"/></Shape>
	    <String CONTENT="Carlsruhe, le 7 Septembre,1816."
                    HPOS="3568"
                    VPOS="1146"
                    WIDTH="613"
                    HEIGHT="89"></String>
          </TextLine>

          
          
          <TextLine ID="eSc_line_bb9f2c90"
                    
                    BASELINE="2362 1418 3484 1400 4073 1404" 
                    HPOS="2357"
                    VPOS="1343"
                    WIDTH="1716"
                    HEIGHT="91">
            <Shape><Polygon POINTS="2362 1418 2357 1372 2453 1359 2453 1359 2456 1359 2600 1370 2625 1370 2629 1368 2655 1356 2655 1356 2655 1356 2657 1356 2657 1356 2659 1356 2659 1356 2737 1368 2757 1370 2776 1368 2842 1354 2842 1354 2842 1354 2844 1354 2844 1354 2910 1365 2924 1368 2952 1365 3043 1356 3043 1356 3045 1356 3125 1363 3146 1365 3150 1363 3178 1349 3178 1349 3178 1349 3180 1349 3180 1349 3180 1349 3182 1349 3326 1363 3347 1363 3351 1361 3383 1347 3383 1347 3386 1347 3386 1347 3386 1347 3388 1347 3388 1347 3388 1347 3456 1361 3456 1361 3459 1361 3472 1347 3472 1347 3475 1347 3475 1347 3475 1347 3477 1347 3477 1347 3479 1347 3479 1347 3600 1359 3603 1359 3603 1359 3744 1345 3744 1345 3747 1345 3747 1345 3749 1345 3790 1359 3797 1359 3801 1359 3859 1343 3861 1343 3861 1343 3863 1343 3863 1343 3863 1343 3927 1356 3932 1356 4069 1356 4073 1404 4071 1418 3865 1420 3863 1420 3863 1420 3861 1420 3861 1420 3861 1420 3859 1420 3833 1409 3514 1420 3459 1423 3456 1423 3456 1423 3456 1423 3454 1423 3450 1423 3420 1413 3374 1423 3345 1427 3345 1427 3345 1427 3342 1427 3212 1423 3084 1418 3041 1423 2977 1432 2977 1432 2974 1432 2974 1432 2908 1425 2872 1420 2787 1420 2782 1425 2773 1432 2773 1434 2773 1434 2771 1434 2771 1434 2771 1434 2769 1434 2769 1434 2766 1434 2360 1425"/></Shape>
	    <String CONTENT="m&#39;a remis le paquet que vous m&#39;avez fait l&#39;honneur de m&#39;adresser."
                    HPOS="2357"
                    VPOS="1343"
                    WIDTH="1716"
                    HEIGHT="91"></String>
          </TextLine>

          
          
          <TextLine ID="eSc_line_5437a7a6"
                    
                    BASELINE="2364 1486 3600 1468 4172 1475" 
                    HPOS="2357"
                    VPOS="1404"
                    WIDTH="1815"
                    HEIGHT="92">
            <Shape><Polygon POINTS="2364 1486 2357 1439 2399 1420 2399 1420 2401 1420 2401 1420 2401 1420 2403 1420 2403 1420 2531 1436 2552 1439 2556 1436 2591 1418 2591 1418 2591 1418 2593 1418 2593 1418 2593 1418 2595 1418 2595 1418 2700 1432 2755 1418 2757 1418 2757 1418 2760 1418 2760 1418 2760 1418 2762 1418 2801 1429 2819 1416 2821 1416 2821 1416 2821 1416 2824 1416 2824 1416 2826 1416 2990 1416 2990 1416 2990 1416 2993 1416 2993 1416 2993 1416 3025 1434 3027 1434 3041 1432 3130 1420 3130 1420 3132 1420 3132 1420 3132 1420 3191 1432 3196 1432 3196 1432 3226 1413 3228 1413 3228 1413 3230 1413 3230 1413 3230 1413 3233 1413 3233 1413 3233 1413 3235 1413 3283 1432 3310 1432 3388 1432 3390 1429 3413 1411 3413 1411 3415 1411 3415 1411 3415 1411 3418 1411 3418 1411 3420 1411 3420 1411 3420 1411 3422 1411 3477 1429 3482 1429 3484 1429 3534 1413 3536 1413 3536 1413 3539 1413 3539 1413 3655 1427 3655 1427 3655 1427 3678 1411 3678 1411 3680 1411 3680 1411 3683 1411 3683 1411 3683 1411 3685 1411 3685 1411 3685 1411 3687 1411 3687 1411 3722 1425 3799 1407 3799 1407 3799 1407 3801 1407 3913 1407 3913 1407 3913 1407 3916 1407 3916 1407 3916 1407 3918 1407 3941 1423 3964 1404 3964 1404 3966 1404 3966 1404 3966 1404 3968 1404 3968 1404 3971 1404 3971 1404 4160 1425 4172 1475 4172 1484 2364 1496"/></Shape>
	    <String CONTENT="Madame la grande Duchesse est charmée d&#39;avoir en sa possession les oeuvres"
                    HPOS="2357"
                    VPOS="1404"
                    WIDTH="1815"
                    HEIGHT="92"></String>
          </TextLine>

          
          
          <TextLine ID="eSc_line_6ae130f5"
                    
                    BASELINE="2371 1553 4133 1541" 
                    HPOS="2364"
                    VPOS="1486"
                    WIDTH="1769"
                    HEIGHT="83">
            <Shape><Polygon POINTS="2371 1553 2364 1512 2424 1496 2426 1496 2426 1496 2428 1496 2428 1496 2428 1496 2431 1496 2474 1507 2515 1496 2517 1496 2517 1496 2517 1496 2520 1496 2700 1507 2712 1507 2714 1507 2750 1493 2750 1493 2753 1493 2753 1493 2755 1493 2755 1493 2835 1505 2865 1493 2865 1493 2867 1493 2867 1493 2867 1493 2869 1493 2869 1493 2869 1493 2872 1493 2906 1505 2908 1505 2920 1505 3125 1491 3127 1491 3269 1491 3269 1491 3269 1491 3271 1491 3271 1491 3271 1491 3274 1491 3274 1491 3285 1500 3287 1502 3299 1500 3349 1491 3349 1491 3349 1491 3351 1491 3351 1491 3354 1491 3354 1491 3354 1491 3372 1500 3377 1502 3413 1500 3532 1489 3534 1489 3534 1489 3534 1489 3536 1489 3566 1498 3575 1502 3706 1502 3715 1496 3726 1489 3728 1489 3728 1489 3731 1489 3731 1489 3731 1489 3733 1489 3733 1489 3786 1496 3806 1498 3813 1496 3836 1486 3836 1486 3838 1486 3838 1486 3838 1486 3840 1486 3840 1486 3840 1486 3879 1496 3893 1498 3904 1496 3927 1486 3927 1486 3929 1486 3929 1486 3932 1486 3932 1486 3932 1486 3968 1493 3989 1498 4126 1493 4133 1541 4131 1553 2371 1569"/></Shape>
	    <String CONTENT="complètes de Mme de Salm dont elle est digne d&#39;apprécier les charmantes"
                    HPOS="2364"
                    VPOS="1486"
                    WIDTH="1769"
                    HEIGHT="83"></String>
          </TextLine>

          
          
          <TextLine ID="eSc_line_ce0f695b"
                    
                    BASELINE="2371 1614 3189 1605 4083 1612" 
                    HPOS="2369"
                    VPOS="1555"
                    WIDTH="1714"
                    HEIGHT="78">
            <Shape><Polygon POINTS="2371 1614 2369 1557 2428 1569 2463 1557 2469 1555 2469 1555 2472 1555 2472 1555 2474 1555 2474 1555 2511 1557 2643 1569 2702 1560 2728 1555 2728 1555 2728 1555 2730 1555 2730 1555 2732 1555 2748 1560 2787 1571 2835 1571 2846 1560 2851 1555 2851 1555 2853 1555 2853 1555 2853 1555 2856 1555 2856 1555 2856 1555 2858 1555 2858 1555 2860 1555 2878 1560 2913 1569 2956 1560 2977 1557 2977 1557 2979 1557 2979 1557 3016 1560 3070 1566 3079 1562 3086 1555 3086 1555 3089 1555 3089 1555 3089 1555 3091 1555 3091 1555 3093 1555 3201 1555 3201 1555 3201 1555 3203 1555 3203 1555 3205 1555 3217 1562 3228 1569 3260 1562 3297 1555 3297 1555 3297 1555 3299 1555 3299 1555 3358 1562 3388 1566 3399 1564 3424 1555 3427 1555 3427 1555 3427 1555 3429 1555 3429 1555 3504 1564 3548 1569 3557 1564 3578 1555 3578 1555 3578 1555 3580 1555 3580 1555 3580 1555 3582 1555 3582 1555 3639 1564 3655 1569 3786 1569 3792 1566 3813 1555 3813 1555 3813 1555 3815 1555 3815 1555 3817 1555 3817 1555 3817 1555 3820 1555 3820 1555 3822 1555 3840 1566 3845 1569 3875 1566 3982 1555 3982 1555 3984 1555 3984 1555 4080 1569 4083 1612 4080 1619 3893 1619 3891 1619 3875 1630 3872 1630 3872 1630 3872 1630 3870 1630 3870 1630 3870 1630 3868 1630 3868 1630 3865 1630 3865 1630 3865 1630 3843 1619 3840 1619 3836 1619 3806 1630 3804 1630 3804 1630 3804 1630 3801 1630 3486 1624 3271 1619 3258 1626 3249 1630 3249 1630 3249 1630 3246 1630 3246 1630 3246 1630 3244 1630 3244 1630 3210 1626 3157 1619 3095 1628 3063 1630 3063 1630 3061 1630 3061 1630 3061 1630 3059 1630 3059 1630 3057 1630 3052 1628 3036 1619 2904 1619 2693 1630 2682 1630 2680 1630 2680 1630 2677 1630 2593 1619 2371 1633"/></Shape>
	    <String CONTENT="productions. Elle n&#39;en connaissait que quelques fragments qu&#39;elle se"
                    HPOS="2369"
                    VPOS="1555"
                    WIDTH="1714"
                    HEIGHT="78"></String>
          </TextLine>

          
          
          <TextLine ID="eSc_line_a7466a16"
                    
                    BASELINE="2371 1683 3233 1672 4131 1676" 
                    HPOS="2367"
                    VPOS="1617"
                    WIDTH="1764"
                    HEIGHT="84">
            <Shape><Polygon POINTS="2371 1683 2367 1642 2556 1621 2556 1621 2559 1621 2559 1621 2561 1621 2561 1621 2561 1621 2563 1621 2586 1637 2734 1621 2734 1621 2737 1621 2737 1621 2739 1621 2739 1621 2785 1640 2920 1640 2954 1621 2954 1621 2954 1621 2956 1621 2956 1621 2958 1621 2958 1621 2958 1621 3022 1635 3061 1619 3061 1619 3063 1619 3063 1619 3063 1619 3066 1619 3066 1619 3068 1619 3068 1619 3116 1635 3171 1619 3173 1619 3173 1619 3173 1619 3175 1619 3175 1619 3278 1633 3450 1619 3452 1619 3452 1619 3452 1619 3454 1619 3454 1619 3454 1619 3482 1635 3500 1619 3500 1619 3502 1619 3502 1619 3502 1619 3504 1619 3504 1619 3507 1619 3507 1619 3621 1630 3644 1617 3646 1617 3646 1617 3648 1617 3648 1617 3648 1617 3651 1617 3651 1617 3651 1617 3726 1633 3806 1617 3806 1617 3806 1617 3808 1617 3808 1617 3897 1635 3936 1635 3957 1617 3957 1617 3959 1617 3959 1617 3959 1617 3961 1617 3961 1617 3964 1617 3964 1617 3964 1617 3966 1617 3966 1617 4005 1635 4128 1635 4131 1676 4126 1694 3605 1683 3539 1697 3539 1697 3539 1697 3539 1697 3536 1697 3536 1697 3125 1685 2890 1699 2890 1701 2600 1701 2597 1699 2597 1699 2595 1699 2595 1699 2595 1699 2572 1687 2531 1699 2529 1699 2529 1699 2527 1699 2527 1699 2527 1699 2460 1687 2371 1701"/></Shape>
	    <String CONTENT="plaisait à répéter et à chanter. Son Altesse Royale me charge, Monsieur,"
                    HPOS="2367"
                    VPOS="1617"
                    WIDTH="1764"
                    HEIGHT="84"></String>
          </TextLine>

          
          
          <TextLine ID="eSc_line_6c899be6"
                    
                    BASELINE="2371 1745 4140 1738" 
                    HPOS="2364"
                    VPOS="1685"
                    WIDTH="1778"
                    HEIGHT="80">
            <Shape><Polygon POINTS="2371 1745 2364 1706 2396 1690 2396 1690 2396 1690 2399 1690 2399 1690 2401 1690 2401 1690 2401 1690 2403 1690 2442 1701 2483 1690 2485 1690 2485 1690 2488 1690 2920 1701 2956 1687 2956 1687 2958 1687 2958 1687 2958 1687 2961 1687 2961 1687 2963 1687 2963 1687 2993 1699 3022 1687 3022 1687 3025 1687 3025 1687 3025 1687 3027 1687 3027 1687 3116 1699 3511 1687 3514 1687 3514 1687 3516 1687 3516 1687 3516 1687 3518 1687 3536 1699 3772 1685 3774 1685 3774 1685 3774 1685 3847 1697 4078 1685 4080 1685 4080 1685 4080 1685 4135 1699 4140 1738 4142 1747 4092 1761 4089 1761 4089 1761 4087 1761 3735 1749 3717 1749 3715 1749 3699 1761 3696 1761 3696 1761 3696 1761 3694 1761 3694 1761 3694 1761 3543 1763 3541 1763 3541 1763 3539 1763 3500 1751 3404 1763 3404 1763 3402 1763 3171 1751 3171 1751 3171 1751 3116 1763 3116 1763 3116 1763 3114 1763 3114 1763 3111 1763 3111 1763 3111 1763 3109 1763 3093 1751 2958 1765 2956 1765 2369 1751"/></Shape>
	    <String CONTENT="de tous ses remerciements. Elle vous en devra davantage si vous lui four-"
                    HPOS="2364"
                    VPOS="1685"
                    WIDTH="1778"
                    HEIGHT="80"></String>
          </TextLine>

          
          
          <TextLine ID="eSc_line_db68612e"
                    
                    BASELINE="2360 1811 3415 1804 4099 1815" 
                    HPOS="2355"
                    VPOS="1751"
                    WIDTH="1744"
                    HEIGHT="80">
            <Shape><Polygon POINTS="2360 1811 2355 1770 2458 1751 2458 1751 2460 1751 2460 1751 2460 1751 2463 1751 2463 1751 2463 1751 2492 1767 2565 1751 2565 1751 2565 1751 2568 1751 2568 1751 2568 1751 2570 1751 2625 1770 2787 1770 2808 1751 2808 1751 2810 1751 2810 1751 2810 1751 2812 1751 2812 1751 2814 1751 2814 1751 2913 1765 2977 1751 2977 1751 2977 1751 2979 1751 2979 1751 2979 1751 3057 1767 3132 1751 3132 1751 3132 1751 3134 1751 3333 1767 3436 1767 3461 1751 3463 1751 3463 1751 3466 1751 3466 1751 3468 1751 3559 1751 3559 1751 3559 1751 3562 1751 3562 1751 3564 1751 3564 1751 3587 1767 3927 1751 3929 1751 3929 1751 3932 1751 3993 1767 4044 1751 4046 1751 4046 1751 4046 1751 4048 1751 4048 1751 4051 1751 4051 1751 4099 1770 4099 1815 4094 1829 3950 1815 3923 1827 3923 1827 3920 1827 3920 1827 3920 1827 3918 1827 3918 1827 3811 1815 3738 1827 3717 1829 3717 1829 3715 1829 3715 1829 3712 1829 3712 1829 3712 1829 3706 1827 3683 1815 3564 1825 3534 1827 3532 1827 3329 1822 2988 1815 2977 1820 2956 1829 2956 1829 2954 1829 2954 1829 2954 1829 2952 1829 2725 1818 2718 1818 2718 1818 2684 1829 2684 1829 2682 1829 2682 1829 2682 1831 2396 1831 2394 1829 2394 1829 2392 1829 2392 1829 2355 1813"/></Shape>
	    <String CONTENT="nissez l&#39;occasion d&#39;en faire elle même à Bade à Madame de Salm."
                    HPOS="2355"
                    VPOS="1751"
                    WIDTH="1744"
                    HEIGHT="80"></String>
          </TextLine>

          
          
          <TextLine ID="eSc_line_4320f7ce"
                    
                    BASELINE="2437 1877 4108 1873" 
                    HPOS="2431"
                    VPOS="1813"
                    WIDTH="1677"
                    HEIGHT="82">
            <Shape><Polygon POINTS="2437 1877 2431 1836 2508 1815 2511 1815 2511 1815 2513 1815 2586 1815 2586 1815 2586 1815 2588 1815 2588 1815 2588 1815 2591 1815 2591 1815 2611 1831 2696 1815 2696 1815 2696 1815 2698 1815 2698 1815 2698 1815 2769 1834 2968 1834 2986 1818 2986 1815 2986 1815 2988 1815 2988 1815 2990 1815 2990 1815 2990 1815 2993 1815 2993 1815 2995 1815 2995 1815 2995 1815 2997 1815 3020 1831 3038 1818 3041 1818 3041 1818 3041 1818 3043 1818 3043 1818 3045 1818 3045 1818 3045 1818 3047 1818 3047 1818 3082 1834 3201 1834 3274 1813 3276 1813 3276 1813 3278 1813 3278 1813 3278 1813 3281 1813 3322 1825 3397 1813 3397 1813 3399 1813 3399 1813 3399 1813 3402 1813 3402 1813 3402 1813 3404 1813 3427 1829 3459 1813 3459 1813 3459 1813 3461 1813 3461 1813 3463 1813 3463 1813 3463 1813 3546 1829 3584 1813 3584 1813 3587 1813 3587 1813 3589 1813 3687 1813 3687 1813 3687 1813 3690 1813 3690 1813 3692 1813 3692 1813 3712 1829 3731 1813 3731 1813 3733 1813 3733 1813 3735 1813 3735 1813 3735 1813 3738 1813 3738 1813 3740 1813 3804 1829 3852 1813 3852 1813 3854 1813 3854 1813 3856 1813 3856 1813 3856 1813 3945 1829 4057 1813 4057 1813 4060 1813 4060 1813 4060 1813 4062 1813 4062 1813 4105 1831 4108 1873 4105 1895 2437 1895"/></Shape>
	    <String CONTENT="Agréez l&#39;assurance de le Considération la plus distinguée avec la-"
                    HPOS="2431"
                    VPOS="1813"
                    WIDTH="1677"
                    HEIGHT="82"></String>
          </TextLine>

          
          
          <TextLine ID="eSc_line_1f7ce119"
                    
                    BASELINE="2373 1957 3109 1948" 
                    HPOS="2367"
                    VPOS="1893"
                    WIDTH="742"
                    HEIGHT="91">
            <Shape><Polygon POINTS="2373 1957 2367 1920 2415 1900 2415 1900 2417 1900 2417 1900 2417 1900 2419 1900 2419 1900 2549 1916 2609 1898 2611 1898 2611 1898 2613 1898 2613 1898 2723 1909 2732 1898 2734 1898 2734 1895 2734 1895 2737 1895 2737 1895 2737 1895 2739 1895 2739 1895 2741 1895 2741 1895 2741 1895 2744 1895 2798 1911 2920 1900 2920 1900 2922 1900 2922 1900 2924 1900 2954 1909 2972 1893 2972 1893 2974 1893 2974 1893 2974 1893 2977 1893 2977 1893 2979 1893 2979 1893 3105 1911 3109 1948 3107 1966 2929 1966 2924 1966 2899 1980 2899 1980 2899 1980 2897 1980 2897 1980 2894 1980 2718 1971 2718 1971 2718 1971 2702 1982 2702 1982 2700 1982 2700 1982 2698 1982 2698 1982 2698 1982 2696 1982 2696 1982 2696 1982 2645 1971 2641 1971 2636 1971 2554 1984 2554 1984 2552 1984 2371 1973"/></Shape>
	    <String CONTENT="quelle j&#39;ai l&#39;honneur d&#39;être."
                    HPOS="2367"
                    VPOS="1893"
                    WIDTH="742"
                    HEIGHT="91"></String>
          </TextLine>

          
          
          <TextLine ID="eSc_line_db0a343e"
                    
                    BASELINE="2995 2021 3297 2012" 
                    HPOS="2988"
                    VPOS="1946"
                    WIDTH="309"
                    HEIGHT="100">
            <Shape><Polygon POINTS="2995 2021 2990 1987 3025 1984 3027 1982 3075 1948 3077 1948 3077 1948 3077 1948 3079 1948 3079 1948 3079 1948 3143 1946 3146 1946 3146 1946 3146 1946 3148 1946 3148 1946 3150 1946 3150 1946 3150 1946 3178 1971 3185 1975 3290 1962 3297 2012 3297 2028 3223 2039 3223 2039 3221 2039 3221 2039 3221 2039 3166 2028 3148 2026 3143 2028 3125 2044 3125 2044 3123 2044 3123 2044 3121 2044 3121 2044 3121 2044 3118 2044 3118 2044 3118 2044 3116 2044 3075 2028 3068 2028 3063 2028 3016 2046 3013 2046 3013 2046 3013 2046 3011 2046 3011 2046 3011 2046 3009 2046 3009 2046 3006 2046 3006 2046 3006 2046 2988 2030"/></Shape>
	    <String CONTENT="Prince ;"
                    HPOS="2988"
                    VPOS="1946"
                    WIDTH="309"
                    HEIGHT="100"></String>
          </TextLine>

          
          
          <TextLine ID="eSc_line_c1295804"
                    
                    BASELINE="3377 2092 4115 2080" 
                    HPOS="3367"
                    VPOS="2016"
                    WIDTH="748"
                    HEIGHT="92">
            <Shape><Polygon POINTS="3377 2092 3367 2042 3424 2026 3427 2026 3427 2026 3427 2026 3429 2026 3559 2035 3607 2023 3610 2023 3610 2023 3612 2023 3612 2023 3612 2023 3614 2023 3658 2037 3664 2037 3669 2037 3724 2021 3726 2021 3726 2021 3728 2021 3728 2021 3728 2021 3801 2035 3811 2035 3820 2035 3877 2019 3879 2019 3879 2019 3881 2019 3881 2019 3881 2019 3952 2032 3959 2032 3966 2032 4023 2016 4025 2016 4025 2016 4028 2016 4028 2016 4110 2030 4115 2080 4115 2096 3377 2108"/></Shape>
	    <String CONTENT="Votre très humble et très"
                    HPOS="3367"
                    VPOS="2016"
                    WIDTH="748"
                    HEIGHT="92"></String>
          </TextLine>

          
          
          <TextLine ID="eSc_line_c77fc303"
                    
                    BASELINE="3377 2153 4009 2142" 
                    HPOS="3370"
                    VPOS="2085"
                    WIDTH="639"
                    HEIGHT="87">
            <Shape><Polygon POINTS="3377 2153 3370 2117 3409 2096 3409 2096 3409 2096 3411 2096 3411 2096 3413 2096 3413 2096 3413 2096 3415 2096 3415 2096 3415 2096 3434 2106 3495 2090 3498 2090 3498 2090 3500 2090 3541 2090 3541 2090 3541 2090 3543 2090 3543 2090 3543 2090 3546 2090 3546 2090 3546 2092 3562 2106 3630 2094 3630 2094 3632 2094 3632 2094 3632 2094 3635 2094 3635 2094 3635 2094 3637 2094 3655 2106 3660 2108 3735 2108 3742 2103 3779 2085 3779 2085 3779 2085 3781 2085 3781 2085 3783 2085 3824 2085 3824 2085 3824 2085 3827 2085 3827 2085 3827 2085 3829 2085 3849 2099 3861 2106 4003 2094 4009 2142 4009 2149 3843 2165 3840 2165 3840 2165 3765 2156 3742 2167 3742 2167 3742 2167 3740 2167 3740 2167 3740 2167 3738 2167 3523 2160 3504 2172 3502 2172 3502 2172 3502 2172 3500 2172 3500 2172 3500 2172 3498 2172 3374 2160"/></Shape>
	    <String CONTENT="Obéissante Servante"
                    HPOS="3370"
                    VPOS="2085"
                    WIDTH="639"
                    HEIGHT="87"></String>
          </TextLine>

          
          
          <TextLine ID="eSc_line_39f512df"
                    
                    BASELINE="3146 2233 3635 2220 4151 2222" 
                    HPOS="3139"
                    VPOS="2137"
                    WIDTH="1012"
                    HEIGHT="119">
            <Shape><Polygon POINTS="3146 2233 3139 2176 3207 2147 3207 2147 3210 2147 3210 2147 3210 2147 3212 2147 3212 2147 3214 2147 3306 2172 3308 2172 3319 2172 3429 2165 3447 2149 3447 2149 3450 2149 3450 2149 3450 2149 3452 2149 3452 2149 3454 2149 3454 2149 3454 2149 3456 2149 3456 2149 3459 2149 3459 2149 3484 2167 3486 2172 3523 2172 3527 2167 3562 2142 3564 2142 3564 2142 3564 2142 3566 2142 3566 2142 3568 2142 3660 2142 3660 2142 3660 2142 3662 2142 3662 2142 3662 2142 3664 2142 3664 2142 3690 2163 3694 2167 3703 2163 3724 2156 3724 2156 3726 2156 3726 2156 3728 2156 3728 2156 3779 2163 3808 2165 3817 2160 3859 2140 3859 2140 3859 2140 3861 2140 3861 2140 3863 2140 3863 2140 3973 2153 4005 2137 4005 2137 4005 2137 4007 2137 4007 2137 4009 2137 4009 2137 4009 2137 4012 2137 4055 2151 4117 2137 4117 2137 4117 2137 4119 2137 4119 2137 4119 2137 4121 2137 4121 2137 4121 2137 4151 2153 4151 2222 4149 2238 4005 2231 3916 2243 3879 2247 3879 2247 3877 2247 3877 2247 3875 2247 3875 2247 3875 2247 3872 2247 3872 2247 3872 2245 3870 2243 3854 2229 3811 2240 3808 2240 3808 2240 3806 2240 3806 2240 3806 2240 3804 2240 3804 2240 3801 2240 3783 2229 3669 2240 3667 2240 3667 2240 3580 2231 3568 2240 3568 2243 3568 2243 3566 2243 3566 2243 3566 2243 3564 2243 3564 2243 3562 2243 3562 2243 3482 2233 3461 2249 3461 2249 3461 2252 3459 2252 3459 2252 3459 2252 3456 2252 3456 2252 3456 2254 3404 2254 3402 2252 3402 2252 3399 2252 3399 2252 3397 2252 3356 2233 3324 2252 3322 2254 3319 2254 3319 2254 3317 2254 3317 2254 3317 2254 3315 2254 3315 2254 3315 2254 3303 2252 3249 2240 3233 2254 3233 2254 3233 2254 3230 2254 3230 2254 3230 2254 3228 2254 3228 2254 3228 2256 3146 2256"/></Shape>
	    <String CONTENT="(Signé) Ag. Walsh &amp; Walsh (1)"
                    HPOS="3139"
                    VPOS="2137"
                    WIDTH="1012"
                    HEIGHT="119"></String>
          </TextLine>

          
          
          <TextLine ID="eSc_line_82030dc4"
                    
                    BASELINE="4210 2295 4233 2293" 
                    HPOS="4194"
                    VPOS="2169"
                    WIDTH="42"
                    HEIGHT="174">
            <Shape><Polygon POINTS="4210 2295 4194 2172 4217 2169 4233 2293 4236 2341 4213 2343"/></Shape>
	    <String CONTENT="56"
                    HPOS="4194"
                    VPOS="2169"
                    WIDTH="42"
                    HEIGHT="174"></String>
          </TextLine>

          
          
          <TextLine ID="eSc_line_6a02cb96"
                    
                    BASELINE="2389 2373 4201 2384" 
                    HPOS="2385"
                    VPOS="2311"
                    WIDTH="1816"
                    HEIGHT="94">
            <Shape><Polygon POINTS="2389 2373 2385 2329 2449 2311 2451 2311 2451 2311 2453 2311 2453 2311 2453 2311 2456 2311 2456 2311 2458 2311 2458 2311 2481 2329 2483 2329 2492 2329 2591 2318 2591 2318 2593 2318 2718 2329 2753 2332 2796 2329 2970 2318 2972 2318 2972 2318 2972 2318 2974 2318 2974 2318 3006 2329 3061 2313 3063 2313 3063 2313 3063 2313 3066 2313 3066 2313 3068 2313 3068 2313 3111 2329 3123 2336 3182 2336 3191 2329 3214 2316 3217 2316 3217 2316 3219 2316 3219 2316 3219 2316 3221 2316 3404 2332 3477 2338 3621 2338 3632 2332 3653 2322 3653 2322 3655 2322 3655 2322 3655 2322 3658 2322 3658 2322 3660 2322 3692 2332 3710 2336 3719 2332 3740 2318 3742 2318 3742 2318 3742 2318 3744 2318 3744 2318 3747 2318 3820 2318 3820 2318 3820 2318 3822 2318 3822 2318 3822 2318 3824 2318 3843 2332 3852 2338 3881 2332 3907 2327 3907 2327 3907 2327 3909 2327 3909 2327 3909 2327 3936 2332 3968 2338 3982 2332 4009 2320 4009 2320 4012 2320 4012 2320 4012 2320 4014 2320 4199 2334 4201 2384 4199 2393 3870 2405 3868 2405 3868 2405 3801 2393 3795 2393 3770 2393 3539 2402 3536 2402 3536 2402 3477 2393 3461 2391 2389 2391"/></Shape>
	    <String CONTENT="(1) Cette dame était Dame d&#39;honneur de la Princesse Stéphanie"
                    HPOS="2385"
                    VPOS="2311"
                    WIDTH="1816"
                    HEIGHT="94"></String>
          </TextLine>

          
          
          <TextLine ID="eSc_line_baaf6e05"
                    
                    BASELINE="2385 2453 3335 2441 4131 2455" 
                    HPOS="2378"
                    VPOS="2384"
                    WIDTH="1753"
                    HEIGHT="85">
            <Shape><Polygon POINTS="2385 2453 2378 2407 2435 2389 2437 2389 2437 2389 2437 2389 2440 2389 2440 2389 2442 2389 2442 2389 2490 2407 2506 2412 2527 2407 2620 2384 2620 2384 2620 2384 2623 2384 2623 2384 2625 2384 2625 2384 2684 2407 2696 2412 2707 2407 2773 2384 2776 2384 2776 2384 2776 2384 2778 2384 2778 2384 2778 2384 2780 2384 2780 2384 2812 2398 2885 2384 2885 2384 2888 2384 2888 2384 2888 2384 2979 2402 3004 2384 3006 2384 3006 2384 3006 2384 3009 2384 3009 2384 3011 2384 3061 2384 3061 2384 3061 2384 3061 2384 3150 2405 3287 2384 3287 2384 3290 2384 3290 2384 3409 2402 3486 2386 3486 2386 3486 2386 3488 2386 3488 2386 3491 2386 3491 2386 3491 2386 3493 2386 3520 2405 3669 2386 3669 2386 3671 2386 3671 2386 3671 2386 3674 2386 3719 2400 3763 2386 3765 2386 3765 2386 3765 2386 3767 2386 3767 2386 3770 2386 3770 2386 3770 2386 3772 2386 3806 2409 3863 2384 3863 2384 3865 2384 3865 2384 3865 2384 3868 2384 3868 2384 3870 2384 3870 2384 3870 2384 3932 2414 4131 2455 4128 2469 3881 2469 3879 2466 3879 2466 3877 2466 3877 2466 3875 2466 3843 2455 3596 2464 3534 2466 3532 2466 3532 2466 3514 2464 3459 2455 3431 2464 3424 2466 3424 2466 3422 2466 3422 2466 3420 2466 3420 2466 3397 2464 3338 2455 2385 2457"/></Shape>
	    <String CONTENT="de Bade. Le Prince lui avait envoyé les poésies de la Princesse."
                    HPOS="2378"
                    VPOS="2384"
                    WIDTH="1753"
                    HEIGHT="85"></String>
          </TextLine>

          
        </TextBlock>
        
        <TextBlock HPOS="2029"
                   VPOS="2496"
                   WIDTH="175"
                   HEIGHT="123"
                   ID="eSc_textblock_2fdf4bbb"
                   TAGREFS="BT8">
          <Shape><Polygon POINTS="2029 2496 2029 2619 2204 2619 2204 2496"/></Shape>
          
          
          <TextLine ID="eSc_line_e2abeda4"
                    
                    BASELINE="2086 2598 2180 2581" 
                    HPOS="2065"
                    VPOS="2503"
                    WIDTH="117"
                    HEIGHT="126">
            <Shape><Polygon POINTS="2083 2597 2065 2510 2163 2503 2179 2578 2182 2610 2088 2629"/></Shape>
	    <String CONTENT="55"
                    HPOS="2065"
                    VPOS="2503"
                    WIDTH="117"
                    HEIGHT="126"></String>
          </TextLine>

          
        </TextBlock>
        
        <TextBlock HPOS="257"
                   VPOS="521"
                   WIDTH="365"
                   HEIGHT="208"
                   ID="eSc_textblock_7f403e5c"
                   TAGREFS="BT7">
          <Shape><Polygon POINTS="622 729 622 521 420 521 257 521 257 729"/></Shape>
          
        </TextBlock>
        
        <TextBlock HPOS="283"
                   VPOS="680"
                   WIDTH="10"
                   HEIGHT="31"
                   ID="eSc_textblock_4d3d11a7"
                   TAGREFS="BT1">
          <Shape><Polygon POINTS="283 710 293 680 293 711"/></Shape>
          
        </TextBlock>
        
        <TextBlock HPOS="908"
                   VPOS="545"
                   WIDTH="959"
                   HEIGHT="272"
                   ID="eSc_textblock_659de306"
                   TAGREFS="BT1">
          <Shape><Polygon POINTS="908 545 908 817 1867 817 1867 545"/></Shape>
          
        </TextBlock>
        
        <TextBlock HPOS="2290"
                   VPOS="844"
                   WIDTH="308"
                   HEIGHT="238"
                   ID="eSc_textblock_6146bc9d"
                   TAGREFS="BT7">
          <Shape><Polygon POINTS="2598 844 2598 1082 2290 1082 2290 844"/></Shape>
          
        </TextBlock>
        
        <TextBlock HPOS="2586"
                   VPOS="434"
                   WIDTH="1519"
                   HEIGHT="126"
                   ID="eSc_textblock_2eff4e5e"
                   TAGREFS="BT6">
          <Shape><Polygon POINTS="2586 434 2586 560 4105 560 4105 434"/></Shape>
          
        </TextBlock>
        
        <TextBlock HPOS="1544"
                   VPOS="865"
                   WIDTH="567"
                   HEIGHT="81"
                   ID="eSc_textblock_61229d82"
                   TAGREFS="BT10">
          <Shape><Polygon POINTS="1544 865 1544 946 2111 946 2111 865"/></Shape>
          
        </TextBlock>
        
        <TextBlock HPOS="2848"
                   VPOS="859"
                   WIDTH="790"
                   HEIGHT="253"
                   ID="eSc_textblock_51cf5820"
                   TAGREFS="BT1">
          <Shape><Polygon POINTS="2848 1112 2848 859 3638 859 3638 1112"/></Shape>
          
        </TextBlock>
        
        <TextBlock HPOS="2347"
                   VPOS="349"
                   WIDTH="1761"
                   HEIGHT="79"
                   ID="eSc_textblock_50e144fd"
                   TAGREFS="BT2">
          <Shape><Polygon POINTS="2347 349 2347 428 4108 428 4108 349"/></Shape>
          
        </TextBlock>
        
        <TextBlock HPOS="2390"
                   VPOS="2330"
                   WIDTH="1838"
                   HEIGHT="151"
                   ID="eSc_textblock_26883dbc"
                   TAGREFS="BT12">
          <Shape><Polygon POINTS="2390 2481 2390 2330 4228 2330 4228 2481"/></Shape>
          
        </TextBlock>
        
        <TextBlock HPOS="2622"
                   VPOS="1214"
                   WIDTH="551"
                   HEIGHT="88"
                   ID="eSc_textblock_fa29ea70"
                   TAGREFS="BT9">
          <Shape><Polygon POINTS="3173 1214 3173 1302 2622 1302 2622 1214"/></Shape>
          
        </TextBlock>
        
        <TextBlock HPOS="3553"
                   VPOS="1142"
                   WIDTH="654"
                   HEIGHT="106"
                   ID="eSc_textblock_b95b3d7d"
                   TAGREFS="BT10">
          <Shape><Polygon POINTS="3553 1248 3553 1142 4207 1142 4207 1248"/></Shape>
          
        </TextBlock>
        
        <TextBlock HPOS="3128"
                   VPOS="2046"
                   WIDTH="1019"
                   HEIGHT="214"
                   ID="eSc_textblock_2daa0640"
                   TAGREFS="BT6">
          <Shape><Polygon POINTS="4147 2046 4147 2260 3128 2260 3128 2046"/></Shape>
          
        </TextBlock>
        
        <TextBlock HPOS="2354"
                   VPOS="566"
                   WIDTH="1760"
                   HEIGHT="269"
                   ID="eSc_textblock_3fe862d3"
                   TAGREFS="BT13">
          <Shape><Polygon POINTS="2354 566 2354 835 4114 835 4114 566"/></Shape>
          
        </TextBlock>
        
        <TextBlock HPOS="310"
                   VPOS="914"
                   WIDTH="1872"
                   HEIGHT="1557"
                   ID="eSc_textblock_e9c09c3d"
                   TAGREFS="BT2">
          <Shape><Polygon POINTS="843 934 935 934 935 949 1060 949 1060 953 1504 953 1504 960 1530 960 1530 963 2110 963 2118 1285 2090 1349 2108 1642 2154 1717 2136 2144 2182 2229 2099 2402 2108 2471 1997 2471 1880 2455 749 2428 648 2441 330 2441 310 2172 329 1014 428 914 843 914"/></Shape>
          
        </TextBlock>
        
        <TextBlock HPOS="4108"
                   VPOS="2200"
                   WIDTH="175"
                   HEIGHT="157"
                   ID="eSc_textblock_741450b6"
                   TAGREFS="BT8">
          <Shape><Polygon POINTS="4283 2200 4283 2357 4108 2357 4108 2200"/></Shape>
          
        </TextBlock>
        
        <TextBlock HPOS="1472"
                   VPOS="482"
                   WIDTH="654"
                   HEIGHT="81"
                   ID="eSc_textblock_dd01c4e9"
                   TAGREFS="BT6">
          <Shape><Polygon POINTS="1472 563 1472 482 2126 482 2126 563"/></Shape>
          
        </TextBlock>
        
        <TextBlock HPOS="3493"
                   VPOS="859"
                   WIDTH="657"
                   HEIGHT="117"
                   ID="eSc_textblock_005366d0"
                   TAGREFS="BT11">
          <Shape><Polygon POINTS="4150 976 4150 859 3493 859 3493 976"/></Shape>
          
        </TextBlock>
        

        
      </PrintSpace>
    </Page>
  </Layout>
</alto>

