4594 2973
2993 222 666 147 Lettre de Martini

2755 309 379 124 Madame.

2564 497 1688 132 Hier j'ai eu une cruelle Journée. Les dispositions du

2282 582 1962 116 Cercueil, du Convoy la mise des Scellés partout et le soir l'Enterre-

2269 661 1985 121 -ment. La petit Chienne n'a pas voulou laisser toucher au Corps de

2267 735 1957 114 sa defunte Maitresse, elle aboyait et mordait les jambes de ceux

2272 810 2012 106 qui le portaient, et lorsqu'on l'avait eloignée, elle se lamentait

2267 881 1990 107 et pleurait a chaudes larmes qui tombaient de ses yeux. Croirez vous

2262 946 1985 106 qu'un proche parent le seul qui fut a Paris, après avoir assisté a la

2247 1008 1975 114 mise des Scellés, de compagnie avec Melle Liniers. la petit bossue,

2254 1077 1960 97 et avec la femme du fils Constant, m'oint entrainé de diner avec

2254 1142 1968 91 eux, et lorsque 6 heures et 1/2 temps fixé pour l'enterrement sont

2254 1211 1973 109 arrivé, j'ai cru qu'il se disposerait pour y aller ; je l'attendais

2254 1283 1990 109 toujours, j'ai vu 7 heures & 3/4 sur ma montre, je l'avertis de l'heure,

2254 1350 1993 116 il me repondit froidement qu'il n'y allait pas, et il a resté a Table

2244 1424 1951 112 avec son fils âgé de 16 ans, avec le fils de Mr. Constant âgé de 17

2247 1491 2000 119 ans à vuider Bouteille en employant toutes instances possible pour

2247 1570 1957 99 me retenir ; mais je cours sur le Champ à la Maison, ou l'on

2247 1632 1962 102 m'attendait ainsi que la famille depuis une heure et demie ; le

2247 1699 1975 109 Curé de son coté attendait aussi pendant tout ce temps avec son

2244 1768 1983 112 Clergé dans l'Eglise, de sorte que si je n'étais pas venu a la Maison

2247 1845 1923 99 la pauvre défunte delaissée de toute la famille, n'aurait pas été

2242 1915 1975 109 enterrée malgré l'urgence. J'ai été seul a la tête du convoy na-

2240 1986 1969 107 -vré de douleur et de Chagrin, et indigné de la froideur de tou-

2242 2056 1940 111 -te la famille. Je n'ai pu dormir de la nuit on ne perd pas

2242 2128 1955 101 impunement une Amie douce et bienfaisante, qu'on n'a presque

2235 2195 1947 99 jamais quitté pendant 35 Ans. Ah qu'elle saurait m'estimer si

2237 2261 1960 107 elle revenait au monde avec son coeur sensible. Je me trouve

2230 2328 1972 109 seul au monde, et je ne puis rester seul sans m'afliger beaucoup

2235 2403 1955 99 cet évenement va me vieillir de 10 Ans. Je vais remettre toutes

2242 2477 1953 99 ces affaires entre les mains de Mr. Cloisseaux pour ne plus en

2232 2539 1943 106 entendre parler. Qu'elle differance entre ce sentiment d'atta-

2230 2608 1970 122 -chement de la petite Chienne et ces coeurs glacés de la famille
