4325 2766
770 396 995 134 Correspondance intime

550 608 1534 124 Les lettres qui forment cette Correspondance sont celles

378 693 1724 116 de mon mari et les miennes ; elles forment aussi une section en-

389 758 572 92 tièrement séparée. (1)

486 832 1625 108 Je me propose d'en faire un choix et de les copier moi-même

391 898 1660 111 plus tard. Presque toutes ayant été écrites dans les troubles de mon

378 968 1724 108 1er. ménage, elles me rappeleront une foule de Souvenirs nécessaires

378 1034 1314 104 à la redaction de cette partie de mes Mémoires.

804 1226 952 147 Correspondance d'affaires.

537 1415 1507 120 Toutes ces lettres sont relatives à la fortune, à des procès,

378 1505 1713 101 à des circonstances quelconques de ce genre dont il peut être néces-

378 1576 1726 90 saire de garder des souvenirs ou des preuves, surtout comme venant

378 1638 1708 97 à l'appui des Mémoires. J'ai gardé les brouillons d'une partie

368 1698 1633 104 de celles que j'ai écritures lorsqu'elles étaient relatives à des

375 1779 1739 94 circonstances essentielles. Il en sera fait un choix, ainsi que

350 1844 1759 103 des réponses ou lettres de quelques avocats célèbres et elles seront

368 1915 1723 113 copiés sous ce titre : Choix de lettres d'affaires faisant suite

380 1979 1035 109 à la Correspondance particulière. ‒

380 2466 657 97 (1) Petite armoire No. 25.

2630 350 1065 134 Plan de cette seconde Copie

2824 449 767 120 (dites 2de. Copie de la Cor: génle.)

2501 596 1480 136 La première Copie qui porte le même titre et qui n'é-

2291 684 1697 118 tait que littéraire, ne pouvant me guider que sous un seul rap-

2300 746 1688 125 port dans la rédaction de mes mémoires, je me suis décidée (en

2289 815 1683 127 1832) à ajouter à cette second Copie les lettres des Correspon-

2293 882 1686 125 dances ci dessus expliquées qui peuvent établir et me rappe-

2296 947 1678 122 ler toutes les circonstances de ma vie littéraire et sociale. J'y

2296 1016 1713 118 fait de plus ajouter beaucoup de vers de société, de circons-

2307 1092 1669 97 tance, des Poésies legères que je n'aurais pu placer convena-

2307 1150 1702 117 blement dans l'Edition de mes ouvrages, et, enfin, de plusieurs

2305 1219 1662 117 Notices sur les personnes plus ou moins célèbres dont les lettres

2310 1279 1685 124 font partie de cette Correspondance. Il y a été joint aussi beau-

2307 1348 1686 120 coup de petites lettres et de billets insignifiants, qui ne dépen-

2298 1429 1662 110 dent d'aucune correspondance, qui seront plus tard supprimés,

2312 1489 1641 115 et qui ne doivent servir qu'à rappeler des dates et des souvenirs

2321 1546 1658 120 comme je vais l'expliquer. Cette seconde Copie contiendra donc :

2448 1622 1554 102 1o. toutes les lettres ou réponses de la Cor: génle. littéraire.

2441 1694 1554 113 2o. Toutes celles de la Cor: part: que j'ai écritres à mes amis,

2323 1754 1672 115 et celles de leurs lettres ou réponses qui se rattachent à quelques

2328 1827 1676 118 circonstances littéraires ou autres, et qui me paraitront néces-

2321 1910 1282 97 saires pour la rédaction de mes Mémoires. ‒

2459 1943 1536 136 3o. Toutes une partie de celles de la Correspondance

2326 2030 1272 109 secrète ou confidentielle, lettre et réponses. ‒

2462 2081 1514 129 4o. Quelques unes de la Correspondance intime quand

2326 2166 1341 115 elles seront relatives à quelques faits essentiels. ‒

2455 2238 1245 122 5o. Un choix de lettres d'affaires idem. ‒

2326 2307 1646 145 Nota. La Correspondance générale comprenant toutes les
