4458 2897
3057 282 814 128 Lettre de Martini

2835 441 326 109 Madame,

2487 535 1775 111 C'est à mon tour de vous dire que je n'ai pas un instant

2349 630 1898 99 à moi pour vous écrire. J'ai eu dans les premiers 8 jours de ce

2342 712 1915 103 mois quatre messes au Chateau, tous les jours répetition, la

2352 799 1895 91 semaine passée une messe et deux répétitions ; cette dernière

2344 890 1961 82 semaine messe ensuite trois répétitions pour ma Messe des

2340 963 1917 111 morts qu'on a exécutée Samedi passé à St. Denis : elle a été à

2344 1050 1942 103 merveille. Les musiciens malgré le très grand froid l'ont exécu-

2347 1134 1896 82 -tée avec chaleur et anthousiasme. Ils ont à présent la plus

2344 1214 1925 104 haute estime et vénération pour moi. Aujourd'hui j'ai été à la

2344 1298 1954 116 cérémonie funèbre de Mr. le Duc de Fleury que je regrette infini-

2342 1383 1937 96 ment. Son corps restera exposé dans l'église de St. Thomas

2347 1465 1932 104 d'Aquin jusqu'au jour que son mausolée sera placé dans le cime-

2349 1549 1923 104 -tière du père la Chaise où il sera inhumé. Je me prépare ac-

2347 1634 1903 84 -tuellement pour ma Mess de Dimanche, ensuite pour le 8

2340 1709 1886 113 février fête de la purification ; viendra tout de suite un autre

2342 1791 1401 106 Dimanche : je ne manque pas de besogne.

2506 1866 1792 108 Je viens de lire dans le journal que vous serez Prusienne

2335 1953 1934 103 je ne sais pas . si vous en serez bien aise. Pour l'autre objet

2330 2037 1932 109 je vous fait mon compliment d'avance. Je vous dirai qu'on

2330 2129 1929 99 m'a signifié de quitter mon logement ; mais j'ai prouvé par

2330 2211 1891 109 ma lettre en réponse que le Roi par l'argent que j'ai dépensé

2328 2291 1907 108 poru ma charge et pour mon logement me frustrerait de

2330 2373 1956 106 69500ỻ. Depuis ce temps l'on m'a laissé tranquille. Chérubini,

2340 2455 1318 111 Méhul et Gasses sont déjà déménagés.

2605 2532 1696 106 A revoir à bientôt, nous aurons bien des choses à nous
