4594 2973
802 118 263 57 Lettres

166 213 1999 99 cependant que les pauvres gens sont encore plus malheureux entou-

161 289 1974 99 -rés de privations de toutes espèces. Tachez d'être toujours de

156 361 2012 87 bonne humeur, elle vous va très bien. Il n'est nullement ques-

148 426 1960 91 -tion ici de tremblement de terre, Vos gens tremblent de peur.

163 505 1990 87 Non Madame au travers de tous mes embarras je ne vous ou-

161 572 1974 89 -blie pas. Je vous fais mon compliment sur la maissance de

166 651 1997 92 votre nouveau né, je ne puis pas l'appeller Masquette de crain

151 725 2009 92 -te de les confondre, je prefèrerai toujours l'ancienne, car je

161 785 1182 109 suis constant dans mes affections.

267 862 1090 138 Dimanche a 1 heure du Matin.

299 978 1849 104 La pauvre malade à cessé de vivre hier a 11 heures du

153 1047 2007 119 soir, depuis ce temps je n'ai fait qu'écrire des lettres d'infor-

153 1124 2017 104 - mation de ce triste accident. J'aurai les Scellés chez moi l'on

161 1186 2017 136 m'assure que c'est pour ma tranquillité. Je ne sais que faire

163 1256 1982 133 de la petite Palma, elle cherche sa bonne Mâitresse partout ;

158 1327 2000 159 j'ai envie de la confier a la fille de Mde. de Liniers qui l'aime

158 1444 357 111 beaucoup.

322 1456 1806 159 Je vois par ma fenetre arriver le mauvais temps chez

168 1545 1960 134 vous, vous en aurez demain le 10, souvenez vous en a la recep-

161 1645 669 121 -tion de cette lettre.

354 1664 1789 147 Il est 6 heures je vais me recoucher, je n'ai pas dormi

168 1746 1967 134 toute la nuit, j'ai toujours eu ce tableau devant mes yeux,

178 1813 1977 131 ces derniers jours je n'ai pu la voir sans pleurer ; elle à eu

175 1887 2003 129 60 ehures d'Agonie, avec un feu brulant dans tout son corps.

173 1969 1957 117 Ce moment anéantit tout. J'aurai peut être encore ce soir

163 2029 2020 111 la cérémonie de l'enterrement, on ne peut pas garder longtemps

168 2093 1977 144 ce corps ## ## nature de la maladie de la defunte. Je

161 2162 2007 134 ne fais que vous en parler, je m'en aperçois, mais c'est pour

166 2232 1997 131 ne plus vous en parler. Mes habitudes ma vie entière va chan-

161 2301 2007 139 -ger, je placerai la Cuisinière, je laisse Vagenier a la Maison jus-

156 2370 1952 144 -qu'à nouvel ordre, mais je ne fournirai rien à la Cuisine,

163 2457 1296 129 j'irai très souvent diner a l'auberge.

193 2519 1975 122 ce Dimanche a 9 heures. Je ne sais ce que je deviens, a revoir

180 2586 1943 131 je vous ecrirai encore un mot avant de ferme ma lettre

2782 101 642 82 de Mr Martini

2309 218 1856 96 Voila les embarras de l'inhumation qui commencent, je

2252 292 1940 82 vais fermer ma lettre bien tristement, cette mort me pour-

2249 361 1923 92 -suivra longtemps, heureusement qu'elle ne souffre plus,

2262 431 1960 84 elle à été brulée en detail. Il est bien cruel de ne pas pou-

2247 500 1960 94 -voir soulager les personnes qui souffrent à ce point et aux-

2247 564 1925 104 -quelles on s'interesse. Je prends le parti de fermer cette

2249 639 1963 101 lettre, je ne finirai point, je suis trop affecté, je ne me croy-

2252 706 1943 94 -ais pas capable d'eprouver une si forte impression. J'es-

2252 775 1960 99 -père cependant que dans peu de temps. je pourrai termi-

2244 842 1951 101 -ner mes lettres plus gayement. Je vous souhaite à tous

2249 911 1547 80 une bonne santé, mille & mille Bonjours.

2368 978 1864 92 Je suis toujours tenté de descendre pour savoir comme

2252 1047 1957 95 elle se porte, un prêtre est avec elle. a revoir, si je puis

2257 1117 1947 99 trouver le moment de sortir, j'irai voir Mde. votre Mère.

2423 1251 842 131 ce Dimanche 9 Juillet.

3459 1270 661 194 (Signé.) Martini.
