4492 2770
565 279 37 92 1816

415 279 136 138 (de Mr Raboteau)

1018 376 333 111 Lettre

893 507 742 107 À Mme la Cesse de Salm

1461 669 636 115 Paris, ce 27 février, 1816

861 777 277 95 Madame.

558 854 1529 138 Dans l'espoir de vous voir bientôt à Paris, je hasarde pour

357 930 793 106 tant de vous adresser un No. 3.

494 1001 1603 123 Je me sui abstenu d'y parler d'un évenement étranger à toute

367 1077 1720 111 gaité, et que je désirerais beaucoup que vous n'apprissiez pas par moi

344 1138 1723 106 La mort du bon ami Mentelle a précédé de bien peu celle du bon

362 1204 1589 118 Martini. Je sens votre affliction : je la respecte et la partage.

443 1271 1624 113 Vous n'apprendrez peut-être pas sans quelqu'intérêt que mon fils

360 1338 1716 104 aîné est parti pour la Suisse, où il va s'attacher à une maison d'éduca

357 1398 1716 120 tion, et où d'excellentes connaissances lui font espérer quelques succès

339 1463 961 99 dans la carrière de l'enseignement.

441 1535 1635 113 J'aurai bientôt, je crois, à vous entretenir d'un autre arrangement d'un

357 1597 1700 129 plus grand intérêt encore pour ma famille ; mais j'espère en pouvoir

355 1671 811 94 causer verbalement avec vous.

445 1731 1605 124 Madame votre fille nous a quittés ; mais l'heureux printemps

341 1809 1578 99 doit la ramener auprès de nous et de son excellente mère.

429 1869 1635 120 Ma femme et ma fille vous disent mille choses. Présentez, je

351 1943 1718 113 vous prie Madame, nos devoirs à Mr le Comte ; et ne doutez jamai

344 2017 1626 122 du respecteux et tendre dévouement du presque ancien ami. ‒

1217 2132 612 130 Signé : Raboteau.
