4492 2770
510 330 1580 92 tout ce qui, en fait de spectacles, curiosités & c a en ou prétendre

508 399 1584 94 avoir la vogue depuis quelques mois) entrme assez durement ce

510 470 1614 77 pauvre Delr ? x2 lequel à la vérité prêtait un peu le flanc par

505 530 1647 86 des pretentions tant soit peu éxagérées, et qu'on n'a qui se dis peu,

505 600 1626 80 ser de trouver trop naïves.... P'ar Exemple son inscription sur la

505 662 1575 90 liste des Candidats de l'Academie française n'avait pas obtenu

512 734 1591 78 tous les suffrages. Aussi Drleguin- Demétrius qui arrive avec l'air

512 794 1631 101 bien fatigué, quoique, dit il, il ne soit pas allé loin, demande -t -il

508 858 1572 104 un fauteuil.... quand on lui offre une chaise.   I n'y en a pas-

521 934 1573 88 " - Quoi ! -point de fauteuil. J'aurais pourtant bien voulu le

519 1001 1508 88 " fauteuil.... Allons se vois qu'il faudra s'en passer.. &c.

570 1066 1503 97 Cela n'excède -t -il pas un peu la critique permise ? Ces traits

496 1135 1619 97 n'appartiennent -ils pas un peu trop à la manière d'Aristophane ?

498 1200 1603 92 C'est ce que l'auteur du Bulletin ne décidera pas et ce qu'il soumet

508 1271 1455 90 au jugement de ses Lecteurs ou plutot de sa Lectrice.

554 1389 1582 90 Picard a reprit l'Odéon et en a par conséquent exclus Duval.

498 1463 1677 99 On prétend que ce changement a fait des deux Auteur deux ennemis

494 1530 1630 104 irréconciliables. On parle déjà de mémoires de Tribunaux &c..

565 1608 1534 74 Il semble au reste que la nouveauté par laquelle Picard est

496 1664 1624 85 rentré dans la carrière soit un procédé pour Duval. La pièce est à

496 1735 1591 83 peu près tombée : C'est : Une double réputation, qui à ce qu'on assure

484 1800 1354 85 -ressemble à tout ce que Picard a fait de moins bien.

510 1927 1635 108 On va jouer aux français la Comédienne d'Andrieux. Si le public juge

496 2003 1642 95 celle pièce comme des Amis l'ont jugée à la Lecture, il sera content et....

501 2068 427 78 Andrieux aussi.

533 2135 1577 99 Peut - être les Comediens français vont -il se déguignonner un peu

491 2206 1629 83 Arthur de Bretagne espèce de Tragédie de Mme Aignan, est tombée

505 2282 1610 90 avec une lourdeur : Elle à été cependant représentée presque

494 2342 372 109 toute une fois

2533 360 1577 83 Mais nous avons bien un autre spectacle à Paris. des Jongleurs

2471 420 1575 92 Indiens !.... Oui de véritables Jongleurs et des bords du Gange....

2471 489 663 81 Ceux là viennent de loin.

2471 614 1596 85 qu'il en soit, ils font des choses vraiment surprénantes.... dont

2531 549 1549 76 Ce sont des Equilibristes plutôt que des escamoteurs ; mais quoi,

2478 680 672 90 le détail serait trop long.

2473 817 1577 101 dédaigne pas ; la petite Bourgeoisie va aux troisièmes places...

2533 743 1480 97 Ils ont la vogue pour le coup.. La haute compagnie ne les

2789 902 883 92 En un mot tout Paris s'étale

2787 976 751 83 A ce spectacle merveilleux

2644 1041 1090 99 Et les jongleurs sont dans la Clapitale

2799 1112 732 92 Ceux qui réussissent le mieux

2471 1382 1094 83 commencent à respirer de cette sorte de fléau

2558 1294 1495 97 Les Salons de Paris trop longtemps occupés de politique

2531 1438 1473 90 Mais il y reste encore des impressions, et si je puis le dire des

2471 1495 1577 111 miasmes de cet esprit d'aigreur, de contradiction et de haine qui

2471 1567 1522 92 s'était partout répandu et ne dominait que trop toutes les

2468 1641 1326 108 pensées, et, Dieu me pardonne, toutes les affections

2505 1719 813 74 On prend pourtant son parti..

2521 1800 58 74 "

2612 1765 1381 113 On compose, ou s'arrange, on transigé un peu plus, & c

2475 1975 1592 95 d'intervenir moins dangereusement, et de parler plus cordialement.

2526 1904 1541 106 Il y a du moins quelque moyen d'observer plus froidement

2288 1745 118 357 Variétés

2478 2056 1545 88 Il ne faut pas être si difficile ; et l'homme sage se contente en

2464 2119 450 78 attendant mieux.

2466 2248 1582 90 bien davantage par le serieux de leurs prétentions nouvelles. Ceux

2528 2162 1497 109 Certains originaux, déjà passablement ridicules l'étaient devenus

2468 2310 1578 92 là se retrouvent encore, mais ils sont redevenus plus purement sots

2468 2391 1656 85 Ainsi l'ou se trouve auprès deux plus disposé à rire et par conséquent

2240 2483 62 86 50
