4512 2915
673 106 794 105 Lettres de Martini

376 240 1937 129 que j'ai de la conduite du monde. Quand on a une fois un

371 335 1951 114 bon lot sûr, il ne faut pas courir après un meilleur. Voilà

381 420 1922 111 la bonne maxime de toutes les personnes sages. Vous savez

381 507 1946 127 très bien apprécier les choses, mais ne précipitez rien, et agissez

376 607 1941 99 sans prévention : la marche que vous me prescrirez par votre

399 746 1916 9 réponse peut décider de tout ; ainsi après une mure réfléxion

383 762 1932 114 dites-moi ce que je dois faire, je m'y conformerai très exacte-

371 847 1934 119 -ment. Je ne désire que de vous donner dans cette grande

376 949 1934 102 occasion-ci des nouvelles preuves de mon ancien et amical

383 1032 421 97 attachement.

575 1148 642 141 Ce 20 à minuit.

1375 1180 828 146 (Signé.) Martini.

3003 289 743 150 Lettre Martini

2903 434 318 110 Madame,

2662 597 1575 124 Je me lève à 7 heures pour répondre à la petite lettre

2351 755 1934 9 que j'ai reçu hier et que vous m'avez écrite dans une grande agi

2342 770 1941 109 -tation. Je vous dirai donc que j'ai diné avant-hier, dimanche,

2347 852 1953 114 chez Mme. Lefaivre, rue Martel, avec quinze personnes, dont était

2342 932 1910 124 Mr. Montrez ; on y a parlé de Melle. Raoul, tout le monde

2334 1022 1959 124 l'a blamée, et Mr. Montrez disait de plus que Mme. Duval

2342 1107 1902 127 avait eu tort de lui avoir répondu dans les journaux ; que le

2337 1197 1764 109 silence l'aurait rendue bien sotte, et l'aurait fait taire.

2502 1263 1774 133 Je vous dirai de plus que j'ai diner hier chez Mde. Clavier,

2342 1343 1939 133 Mr. Langlés y était à côté de moi. J'ai cru pouvoir lui parler

2339 1435 1932 134 de l'affaire de Melle. Raoul puisque vous lui en avez déjà parlé :

2342 1532 1917 107 il trouve que vous avez tort de vous en inquiéter ; qu'il sait

2337 1595 1907 132 que cette Demoiselle va publier une brochure au sujet du

2342 1683 1951 124 prétendu larcin ; mais que ce sera à Mr. Duval seul a y répondre

2339 1768 1920 119 et que l'on peut se rapporter à lui pour bien défendre sa cause,

2339 1838 1927 134 et étouffer les cris de Melle. Raoul. Mr. Langlés dit qu'il ne

2337 1923 1968 132 faut pas vous compromettre dans les journaux ; que cette affaire

2342 2006 1973 129 n'est qu'une puérilité que les circonstances bien plus intéressantes

2342 2084 1910 121 vont absorber dans l'instant ; qu'il ne faut pas fournir de

2344 2164 1946 136 l'aliment à la méchanceté, si toute fois Melle. Raoul y est dispo-

2349 2261 1934 134 -sée, ni à sa manie de vouloir se rendre importante et célèbre.

2347 2336 1965 134 En lisant votre lettre pour la première fois j'avais déjà pensé

2342 2424 1953 133 comme Mr. Langlés. Vous pouvez bien juger que notre conversa-

2349 2506 1968 136 -tion a eu lieu l'après diner dans un coin de croisée. A l'égard
