4610 2909
3118 256 766 139 Lettre de Martini.

2919 431 323 107 Madame,

2674 591 1754 116 Je ne vous adresserai pas mon copiste Allard. Il est venu plu-

2480 681 1967 114 -sieurs jours de suite chez moi sonner dès le matin, et j'ai appris

2468 770 1914 105 quen sortant de chez moi il buvait encore chaque fois deux

2473 848 1947 119 bouteilles de vin et plusieurs verres d'eau-de-vie chez mon

2475 955 241 123 portier.

2769 1010 1663 129 Il est bien facheux que votre hôtel soit si éloigné

2475 1105 1972 114 de ma retraite. La saison est bien mauvaise pour faire de

2468 1192 1940 119 si longues courses ; les fiacres ne sont pas chauds ni diligents

2478 1282 1904 109 dans ce temps ci. Je dois laisser adoucir cette trop rigoureuse

2478 1352 1988 129 température pour jouir du plaisir d'aller vous voir. L'affaire

2480 1437 1960 116 de la boite est toute réglée comme j'ai eu l'honneur de vous

2483 1512 1940 126 le dire et de vous le marquer. Pensez donc que dans quelques

2485 1609 1960 112 mois j'aurai 70 ans, et que je suis dans la presse de placer mes

2478 1677 1962 131 fonds à 12 pour % en viage. Il ne sagit pas de la faire esti-

2485 1762 1957 124 -mer par un marchand, mais bien de savoir ce qu'il demandera

2485 1837 1943 138 pour en faire une toute pareille, et vous verrez que sans tous les

2478 1932 1940 118 rapports vous faites une très bonne affaire avec moi : point

2480 2007 1919 123 de risque pour la durée de sa valeur, ne le prix de cette

2480 2087 1948 123 valeur à débourser, avec la chance d'avoir presque pour rien

2485 2181 1950 121 un bijou précieux et très élégant. si mon arrangement ne vous

2488 2264 1889 123 convenait pas, je vous prierais, Madame, de me renvoyer la

2490 2351 1904 109 boite dans un chiffon, avec les 60 francs pour l'ancienne

2492 2424 1962 126 tabatière et  2 frs. que je vous ai prêtés. J'ai très grand besoin

2490 2513 1957 139 d'argent, et je veux faire argent de tout mon superflu pour
