4609 2929
3075 297 804 137 Lettre de Martini

2973 441 329 115 Madame,

2675 619 1677 103 De crainte qu'il ne soit trop tard mardi et ne pouvant

2399 712 1929 91 pas aller vous voir demain pour causer ensemble de Mr. Murch...

2416 793 1953 110 je vous écris et vous prie de me faire réponse afin que je puisse

2411 878 1953 122 m'arranger pour savoir si je dois prendre un rendez-vous pou

2397 973 1928 100 le conduire chez vous oui ou non : votre réponse me guidera.

2407 1054 1918 110 Vous vous plaignez ainsi que Melle. Mil: qu'il n'est pas assez

2399 1152 1968 92 empressé à lui faire sa cour ; peut-être n'ose t-il se présenter chez

2394 1222 1909 105 vous que le jour que vous lui avez fixé ? n'est-ce pas moi qui

2392 1305 1875 110 dois l'y présenter ? Ne doit-il pas être affligé, comme il

2392 1383 1943 113 me l'a témoigné, de la lettre de refus que vous lui avez écrite ?

2397 1471 1945 100 s'il n'avait pas de l'esprit, du caractère, et des sentiments éle-

2389 1557 1978 95 -vés, et des talents très distingués il n'occuperait pas une place

2394 1635 1963 90 imminente comme celle de Substitut de Procureur Impérial

2387 1713 1965 112 dans l'ordre judiciaire : il ne peut donc pas se conduire super-

2394 1801 1973 100 -ficiellement, au hasard, comme un jeune homme sans expérience.

2397 1879 1941 102 Si vous croyez ne devoir pas lui faire très bonne mine il vau-

2387 1962 1931 105 -dra mieux ne le pas recevoir chez vous ; il aspire trop d'être

2397 2047 1945 105 bien accueilli chez vous pour pouvoir supporter une nouvelle

2394 2133 1924 100 peine : et ce n'est pas par amour propre ; mais bien par

2387 2213 1941 103 délicatesse de Sentiments. Enfin je ne veux vous influencer en

2387 2301 1958 103 rien ; mais je crois devoir vous éclairer et vous dire que pour

2389 2377 1975 105 réussir dans les grandes affaires, et être à même de prendre le

2394 2472 1922 98 meilleur parti, il faut laisser les petites bouderies de côté :

2397 2555 1977 107 voilà ce que me dit ma vieille expérience, et la grande connaissance
