4430 2721
401 353 1713 80 que vous voulez bien me faire de me servir de serrétaire. J'ai près de

392 414 1724 75 moi plusieurs personnes qui depuis longtemps me rendent ce geure de

396 471 1702 86 Service. Il me semble même, je dois vous l'avouer que la présence d'un

392 532 1715 96 littérateur distingué gènerait en pareil cas l'indépendance de mes idées

390 600 1125 87 dont je suis accoutuméé à être le seul juge.

435 659 1690 87 J'ai lu avec beaucoup d'intérêt, Mhonsieur, le nouvel ouvrage que vous

385 727 1733 98 m'avez envoyé, et je suis fort sensible au désir que vous témoignez de

383 795 1749 109 me le dédier. Il est écrit avec force et concision. On pourrait cependant

387 863 1715 93 lui faire un reproche, c'est de rappetter quelquessois les expressions de

394 934 1754 97 l'art poétique de notre grand maître. Si vous voulez, Monsieur, vous donnez

394 1002 1751 97 la peine de venir chez mai un desjeurs de la semaine prochaine, de midi

394 1067 1690 98 à uné heure, j'entrerai avec vous dans plus de détails à ce sujet. Je

394 1140 1679 86 vous engage d'autant plus à ne pas différer, que vers la fin du mois

396 1208 797 77 je dois retourner à la Campacque

474 1274 1674 81 Recevez, Monsieur, les assurances de ma bien sinière considération

1426 1333 638 90 (Signé) Constance de Salm.

378 1455 111 86 1824

337 1521 128 91 (de M.

1120 1451 247 95 Lettre

1494 1423 490 143 (Cor gen le (no 201

866 1573 742 125 A Mme la Princesse de Salm

1546 1725 538 98 Paais, ce 14 fevrier, 1824.

623 1795 286 100 Madame,

444 1879 1660 80 Mille parson de ne pas vous avoir pas repondu dès hier,; mais j'étais

381 1950 1742 81 et je pus encore incommodé. Vous pouvez garder votre pièce jusqu'à Mardi

376 2013 1713 88 matin, et me l'envoyer ensuite. Je m'empresserai de la faire connaître

576 2086 1422 86 Agréez, Madame, l'hommage du respectueux dévouement

1215 2210 812 86 de votre très humble Serviteur

1397 2276 519 102 (Signé) M Tissot.
