4430 2721
317 360 1704 86 production d'une dame dout tous les écrits portent c'empreite d'un

317 428 1415 91 vrai talent et n'ont rien à craindre des circonstances.

660 505 862 82 Je vous prie d'agréer, Madame,

1401 562 604 81 l'hommage de mon respect

1413 625 571 91 (Signé) Gabien Pillet.

2290 290 105 75 1824

2261 274 281 177 (de M Désaudrai)

2982 301 307 102 Lettre

3411 303 538 114 (Cor. gen. ness)

2751 428 769 125 A Mme la Pricesse de Slm

3461 580 524 86 Paris, ce 24 Avril, 1824

2533 666 937 91 Princesse dique de tous nos hommages,

2365 727 1584 109 J'ai lu, avec le même plaisir que j'ai toujours éprouvé, en

2313 802 1672 93 récevant vos divers ouvrages, les Stances ingénieuses, dans lesquelles

2311 868 1638 93 avec une prudente économie, vous prodiguez des étoges à un geure

2302 931 1676 98 nouveau, où mille heautés qui se perdent dans les nues, y restent

2309 999 1631 93 même invisibles, et dont il parait que l'éclat n'est qu'une

2309 1067 1714 98 phosphorescence d'épourvue de cette chaleur vivifiante qui produit

2311 1136 1644 90 et nourrit le sentiment !‒ Dans un siècle où tous les talens

2315 1201 1731 96 prétendent à la supériorité, vous consentiriez même à favie alhanc-

2313 1265 1674 88 avec une nouvelle école qui parait si fort éloignée de la nature

2315 1326 1634 107 par son Grigina comme par ses resuttats ! C'est pousser bien

2313 1414 542 87 loin la gèné rosité 11

2352 1460 1642 106 Quand le modeste et singulièrement actif Lycée des arts si

2313 1530 1710 100 courageux au milien des laches doctrines aux quelles il à cous-

2318 1594 1715 99 tamment resisté (sans s'écarter de la nieille école) s'énorqueillif-

2313 1659 1697 100 sait de vos aimables productions, notre ame s'y ouvrait aux

2325 1723 1723 100 doux sous de votre voix touchante, s'y élevait aux idées les plus

2320 1789 1692 97 consolantes ! Cette voux n'était pas moduléé sur le tou éclatant

2320 1866 1694 97 du romantique : et cependant tout le monde vous comprenait,

2322 1929 1692 111 vous admirait, vous applaudissait. Vous n'etiez pas montée

2325 2002 1728 104 sur des échasses !... Vous ne cherchiez pas à surprendre l'attentis

2325 2067 1680 100 vous étiez sure de plaire et d'intéresser, vous saviez vous mettre

2327 2135 1717 100 au niveau de toutes les sensibilités !-plus d'une couronne vous

2334 2194 1680 112 ya été justement décernée et l'on y retrouvera votre bon esprit

2334 2267 1665 102 et surtout votre loeur, dans le compte rendu que je m'occupe de

2229 2467 77 61 2133
