4410 2775
2254 2502 97 74 200.

2832 1322 868 118 A Mr le Donr de Ladoucette.

2361 2007 520 85 semaine prochainé.

2997 1197 374 146 Eillet.

2361 1732 1681 87 Madame la Daronne de Ladoucette demain ou apres demain, les prie

2467 2259 1589 97 Elle les prie de recevoir les assurances de sa vieille amitié et

2546 1572 1510 118 La Pesse. de Salm qui souffse beaucoup depuis quelques jours

2361 1866 1651 95 prochain, et bien sans façon, puis qu'elle est encore à son second

2368 2139 1706 85 Monsieur et Madame de Ladoucette y sont venus, c'était la première

3394 1484 655 83 Paris, ce 18 Mars 1823.

2370 1662 1681 90 mais qui cependant se propose d'aller voir Monsieur le Baron et

2358 1796 1670 95 de lui faire le très grand plaiser de venir diner chez elle vendredi

2354 1928 1692 102 étage où elle n'est que campée et dont elle ne doit descendre que la

2458 2060 1612 97 Elle a été bien fâchée de ne pas s'être trouvée à la maison guand

2361 2203 1070 97 fois qu'elle sortait depuis bien longtemps.

2361 2328 1015 107 de sa considération très distinguée. ‒
