4430 2721
449 281 86 72 1824

399 253 274 182 (de Mr. Rigaud

1156 281 322 115 Lettre

1546 276 513 132 (Cor. génle. (n° 20)

916 421 846 123 A Mme la Princesse de Salm

455 628 1713 118 Madame, j'ai reçu le joli cadeau et l'aimable billet que vous avez

1605 575 540 96 Paris, ce 21 Juin, 1824.

455 700 1729 114 bien voulu m'adresser le 2 de ce mois. Je vous prie d'en recevoir mes

453 764 1781 124 très humbles remercimens. La vérité n'est pas toujours aussi bien recompensée

474 836 1699 111 J'ai lu les 24 heures, et dans un beau moment je me mis dit : pour-

442 907 1703 111 quoi ne mettrait on pas ces lettres en vers ? mais en y refléchissant

453 968 1735 124 j'ai senti combien il serait témeraire d'attaquer la prose de Telema-

451 1033 408 82 que et de Julie.

480 1095 1663 136 Sans doute, Madame, qu'après la belle saison vous reviendrez à

446 1170 1688 120 Paris. J'espère d'avoir l'honneur de vous témoigner de vive voix

455 1242 654 75 toute ma reconnaissance.

523 1308 896 84 Je puis avec respect, Madame,

1508 1321 585 78 Votre très humble

1501 1380 610 91 et très obeissant Serviteur

1615 1451 451 118 (Signé) Rigaud.

440 1528 102 86 1824

394 1532 311 168 (de Mme la Princesse

485 1591 166 100 de Salm)

1168 1550 310 114 Lettre

877 1673 837 129 As M. le Roi de Prusse.

1605 1854 547 89 Dyck ; ce 24 Juin, 1824.

462 1904 1733 107 Sire, le petit ouvrage que je joins à cette lettre et que j'ai l'honneur

444 1977 1733 118 d'offrir à votre Majesté est bien étranger aux grandes idées qui occu-

446 2047 1663 104 pent et remplisent sa vie ; mais j'ai cherché à y développer de

458 2120 1674 95 grandes vérités de sentiment, à y peindre dans toutes ses nuances

458 2181 1642 104 et dans tous ses dangers l'éxaltation d'une âme [........] tendre et

1621 2185 200 73 vraiment

449 2247 1662 111 passionnée, et, sous ce point de vue qui lui a valu l'approbation

1413 2253 186 57 il a un caractère

2345 333 1660 70 de plusieurs littérateurs distingués, et qui m'a paru le rendre

2340 394 1463 75 digne de fixer un instant l'attention de votre Majesté.

2388 453 1683 91 Je prends aussi la liberté d'y joindre une petite pièce de vers que

2349 528 1665 81 j'ai faite cet hiver sur un nouveau genre de poësie que de jeunes

2345 589 1715 79 auteurs veulent introduire dans la littérature francaise, et qui est

2349 657 1702 77 désapprouvé par le plus grand nombre des gens de goût. Quoique ces

2343 732 1649 84 vers ayant parus dans plusieurs journaux, je crois devoir les

2349 793 971 84 adresser moi même à Votre Majesté.

2390 863 1624 87 J'espère qu'elle voudra bien accueillir ces petits ouvrages avec

2349 931 1314 87 la bienveillance qu'elle m'a temoignée tant de fois.

2701 990 946 93 J'ai l'honneur d'être avec respect

3227 1052 796 90 Sire, de Votre Majesté &c

3431 1120 642 88 Signe Constance Pcesse de Salm.

2331 1199 125 98 1824

2295 1226 281 136 (de Mr de Pröpper)

3034 1206 359 122 Lettre

3404 1210 588 141 (Cor. genle. (n° 20))

2765 1349 746 124 A Mme la Princesse de Salm.

3400 1510 644 93 Hülchrath, ce 27 Juin, 1824.

2345 1582 238 93 Madame,

2395 1653 1681 86 J'ai l'honneur de renvoyer ci-joint à votre Altesse le chef d'oeuvre

2343 1723 1730 93 ‒ nous autres Allemands appelons cela avec plus d'expressif et de justesse,

2343 1784 1594 98 une pièce de maître ‒ dont Elle [m']a daigné me permettre la lecture

2381 1857 1670 90 Les transports, les tourmens, et l'excès de l'amour y sout peints avec

2347 1922 1717 89 un charme pour les uns, à rejeunir un lecteur tel que moi, et quant

2349 1995 1684 93 aux autres, avec une force, à le faire se féliciter d'en être a l'abri.

2352 2063 1692 93 Sous ces rapports je doute qu'il y ait aucun roman, quelque volu-

2340 2131 1688 88 mineux qu'il soit et compt[..]-il des années entières passées dans

2347 2199 1563 84 l'amour et la jalousie, qui égalât ces Vingt quatre heures.

2386 2258 1606 102 Veuillez, Madame, agréer les assurances de mon profond respect

3461 2346 515 102 (Signé) de Pröpper.
