4430 2721
417 344 1683 91 faire imprimer, de ses soixante et deux séances publiques, tenues

412 410 1770 88 avec le plus grandéclat au milien des échaffands et de l'épouvantable

419 478 1767 86 orage qui grondait autour de lui. C'Je joins ici une copie du rapport

426 544 1683 86 qui a été fait sur son étonnante existence et qui est inséré dans

430 607 545 80 le bulletin des Loix).

503 673 1651 86 Pourquoi donc chercher à vous allier aujourdhui aux pratiques d'in

410 743 1738 91 nouvel art dout les beautés n'existent l'enthonsiasme qu'en pré-

415 807 1744 100 sentant la difficulté de les bien comprendre ? Restez, Princesse ainée

421 882 1736 88 ce que vous avez été si constamment, demeurez dans les limites

419 950 1701 77 de cette vieille école qui vous à suffisamment illus trée : ‒

419 1015 1747 91 Votre facile et élégant langage sera assez paré des grâces du natut-

406 1086 1721 79 rel et de l'expression pure e vive des sentimens élevés, seuls

412 1145 1599 83 attributs du bon esprit et véritables indices du génie. ‒

458 1217 1681 80 Je ne vous ai point parlé de la position difficile à laquelle

419 1283 1708 79 je suis amené par les circonstances, et dont je cesserais d'être

424 1351 1730 82 la victime, ainsi que ma famille, si la loi qui est en ma faveun

419 1410 1692 88 était exécutée. Afin d'en rendre le tableau plus fidèle et plus

421 1482 1729 87 pappant, j'ai imaginé de le traduire en vers ; quans ce ne serait

412 1550 1751 80 que par Curiosité, au moins ou le lira, et justiie me sera rendue

426 1614 1713 79 Veuillyz y jetter les yeux et accorser quelque souvenir, Tprès moi

421 1693 1752 71 à la meilleure des femmes. (comme vous) mon épouse qui a mérité

419 1757 1731 77 près de moi et mérite encore le nom, non pas de belle et bonne

428 1816 1275 88 mais de toute bonne, Lepuis trente eing années.

483 1879 1658 80 Mon sort est, dans le moment, entre les mains du ministre des

419 1943 1774 95 affaires étrangères, et je ne réclame que l'epécution de le loi 119 8bre 6rr)

512 2027 1604 81 Veuillez présenter au Prince C'assurance de mon dévouement et

421 2095 1543 77 agréer pour vous nos voeux pour vstre constant bouheur.

1129 2154 1003 95 (Signé) Le Général Ch. G. Bd. Desandrai

1236 2253 812 84 maréchal de Camp Ch de St Louis ancien

1218 2308 889 88 président de prance dain les cours étrangères

2347 1689 129 88 1624

2322 1714 259 140 (de Mr Prigaud)

3093 1705 325 99 Lettre

3520 1705 508 118 Cor. gence (. 20)

2799 1827 905 123 A Mme la Princesse de Salm.

3606 1988 488 89 Paris, ce 25 Avril, 1882

2476 2072 248 61 Madane,

2418 2122 1685 88 Le second volume de mes fables qui va bientot paraitte contienora

2361 2190 1717 88 aussi quelques poésies diversés, parmi lesquelles se trouve un petit

2363 2260 1688 86 poême intituté: Clémence saure ou la renaissance des Jeux floraux.

2386 2326 1653 93 J'ai pris la liberté de faire précéder ce paême par less
