4657 2713
538 1049 72 88 1819

520 1067 260 131 (de Mr Cherubini)

1284 1017 326 120 Lettre

1101 1143 658 147 A Mme la Princesse de Salm

1800 1313 502 102 Paris, ce 20 Janvier, 1819.

692 1379 285 74 Madame,

610 1498 1470 102 Les lettres que vous n'avez adressées pour faire remettre à Mr

545 1591 1293 70 ont été immédiatement envoyées à leur d'estination.

619 1645 1690 91 Vous m'avez fait l'honneur de m'inviter à diner pour demain, et tout

545 1718 1732 79 en vous remerciant, j'ai le regret de vous prévenir que je ne pourrai me

547 1779 1787 95 rendre à votre aimable invitation, attendu que je dinerai à St Denis, étant

549 1849 1721 90 obligé d'y aller avec la Chapelle du Roi pour le service funèbre qu'on

547 1923 1726 89 célèbrera pour l'anniversaire de la mort de Louis XVI. Veuillez agréer

554 1996 1712 93 Madame, et mes excuses, et les expressions des sentimens respectueux

560 2066 878 106 avec lesquels j'ai l'honneur d'être.

1565 2199 784 95 Votre très humble et très obéissant

1549 2260 703 122 Serviteur (Signé) Chérubini.
