4595 2973
2446 532 4223 649 Vous Vus devez leupe recevoir aujourd'hui Samedi jamedi à i votre ontre arrivée araigéle à
2275 614 4235 725 Dyck Aoscsi la lettre leste que j'ai eu en l'Io, nons. des vous vonut écrire éirire. Mardi Muri matin ootir prune
2267 693 4213 792 J'ai fuessires cet jonnt ci chés M 5 botre, nare qui se pilenigmais.
2260 768 4225 857 J'unn grol Il bumnes à Je croit qu'il est quertir. Dc convopucer.
