4538 2770
2960 1394 922 117 A Mr Prous (au château de Liedberg)

2385 1620 1658 92 Comment se porte Mr Prous ? oublie t-il tout a fait ses voisins ?

2353 1763 907 76 ne peuvent elles pas venir Dimanche ?

2406 1897 1713 83 Mr Prous n'a -t il pas oublié mes certains cartons dont j'ai grand

2350 2033 977 90 de carton trop mince et ils se déjettent.

2353 2165 1743 97 bien, il doit commencer à se guerir. Dieu sait où tout cela va s'arrêter

2353 2306 1743 90 de Paris avouent des troubles, des entreprises, et 12000 hommes, ou peut

2357 2444 1749 90 ce qui m'intéresse fut avec moi dans la poix et l'ennui de Dyck. Lue nous

3059 1244 335 129 Lettre

3572 1551 513 94 Dyck, ce 17 Mai, 1816.

2392 1685 1734 87 La chère Louise est elle revenue ? aurai -je le plaisir de la voir ? ces Dames

2399 1823 1700 92 A tou des nouvelles des agréables projets de Créveld pour Dyck.

2353 1955 1753 104 besoin ? Je donnerai un modèle s'il le faut Les deux en question étaient

2401 2082 1682 115 Enfin que dit il de notre pauvre patrie 2 h les secousses lui font du

2357 2234 1751 95 car nous ne savons pas bien ce qui la concerne, et puisque les journaux

2353 2377 1757 81 penser beaucoup plus. Je suis sauve de ces idées et je voudrais que tout

2394 1368 171 109 (de Salm)

2330 1306 108 88 1816

2290 1290 315 201 (de Mme la Princesse

2249 2543 65 76 95

2364 2555 245 81 (Corresp : p.)
