4430 2721
417 344 2100 435 faire imprimer, de ses soixante et deux séances publiques, tenues
412 410 2182 498 avec le plus grand éclat au milieu des échaffauds et de l'épouvantable
419 478 2186 564 orage qui grondait autour de lui. (Je joins ici une copie du rapport
426 544 2109 630 qui a été fait suis son étonnante existence et qui est inséré dans
430 607 975 687 le bulletin des Loix ;
503 673 2154 759 Pourquoi donc chercher à vous aller aujourd'hui aux pratiques d'un
410 743 2148 834 nouvel art dont les beautés excitent. l'enthousiame qu'en pré-
415 807 2159 907 sentant la difficulté de les bien comprendre s Restez, Princesse aimée
421 882 2157 970 ce que vous avez été si constamment, demeurez dans les limites
419 950 2120 1027 de cete vieille école qui vous à suffisamment illustrée !
419 1015 2166 1106 Votre foule et élégant. langage sera assez paré des grâces du natur-
406 1086 2127 1165 rel et de l'expression pure et vive des sentimens élevés, seuls
412 1145 2011 1228 attributs. du bon esprit et véritables indices du génie ;
458 1217 2139 1297 Je ne vous ai point parlé de la position difficile à laquelle
419 1283 2127 1362 je suis amené par les circonstances, et dont je cesserais d'être
424 1351 2154 1433 la victime, ainsi que ma famille, si la loi qui est en ma faveur
419 1410 2111 1498 était executée. Afin d'en rendre le tableau plus fidèle et plus
421 1482 2150 1569 frappant, j'ai imaginé de le traduire en vers ; quand ce ne serait,
412 1550 2163 1630 que par curiosité, au moins on le lira, et justice me sera rendue
426 1614 2139 1693 Veuillez y jetter les yeux et accorder quelque souvenir, Après moi
421 1693 2173 1764 à la meilleure des femmes. (comme vous je mon épouse qui à mérité
419 1757 2150 1834 près de moi et mérite encore le nom, non pas de belle et bonne
428 1816 1703 1904 mais de toute bonne, depuis trente cinq années.
483 1879 2141 1959 Mon sort est dans le moment, entre les mains du ministre des
419 1943 2193 2038 affaires étrangéres, St je ne réclame que l'exécution de la loi, ouais
512 2027 2116 2108 Veuillez présenter au Prince assurance de mon dévouement et
421 2095 1964 2172 agréer pour vous nos voeux pour votre constant bonheur.
1129 2154 2132 2249 (Signé) de Bcnérol A. I. (Dessudonc
1236 2253 2048 2337 maréchal de tampe châle et louis ancien
1218 2308 2107 2396 Mréndouc de crane dans às cous Preangires
3116 294 3370 408 Lettre
2769 439 3658 555 A Mr la Princesse de Salm.
3602 580 4098 664 Paris, ce 13 Averl,1824.
2440 655 2744 759 Princesse.
2349 793 4048 891 il surpasse l'idée que je m'en étais fâitegce et avoue que je ne
2420 702 4094 832 langis trainé à 2 hour le la lutie de votre charmant gravage.
2356 857 4062 959 croyais pas qu'il fut possible de répandre. tant d'intéret sur un
2352 920 4067 1027 sujet de il heures. J'y ai remarqué aussi plur de variété que dans
2356 993 4044 1090 de quois volumes. J'ésère que vous trouverez de pistes appréciateurs
2359 1058 4014 1158 des sentiments et du vole qui brillent dans cet opuscule. Si je
2361 1126 4055 1219 reussi pas reçu votre tritter je n'aurais pas attendu votre bilez
2356 1192 4028 1287 pour vous faire part de l'impression qu'une première. lecture
2352 1256 4103 1358 m'a faite. ne seconde dans la journée me fira, je l'espère decouvir
2354 1335 2930 1405 de nouvelles beautés.
2406 1385 4078 1496 Je vous dois donc de grands remerciments pour ll petit aux
2356 1473 3348 1569 rage c irez en la sincère expression.
2363 1557 2563 1628 (Cor 2 2)
3259 1523 4010 1603 Votre très devons Serviteur.
3470 1591 4003 1677 (Signé) Barbier.
2347 1689 2476 1777 124
2322 1714 2581 1854 (CeMe Cavbier)
3071 1693 3422 1800 Lettre
2799 1827 3704 1950 A Mr la Princesse de Salm.
3606 1988 4094 2077 Paris, ce 1 oeil, 1818.
2476 2072 2724 2133 cadance.
2418 2122 4103 2210 de scout costume de mes fables qui ya brennet paraitre contienen
2361 2190 4078 2278 aussi quelques poésies diverses, parmi lesquelles de trouve un petit
2363 2260 4051 2346 poême inviolé. émince heure ou la renaissance des teux moraux
2386 2326 4039 2419 dani pris la liberté de foire précéder ce poême par lCestutut
2343 308 2433 383 1eS24)
2306 324 2526 444 (deM r16
