4492 2770
2304 316 162 164 189

2304 316 259 154 (de Mme la Princesse

2364 371 183 111 (de Salm)

3013 350 328 123 Lettre

2916 500 848 109 A Mr Prous (au chateau de Liedberg)

3545 669 607 81 Dyck, le 11 Avril 181l. Vendredi Saint

2404 736 1711 92 Bonjour, bonne venue, Monsieur, je trouve enfin le moment de vous

2330 812 1182 69 dire un mot sur votre aimable dernière lettre.

2406 881 1677 74 Mille remerciements des nefliers. Ce ne sera peut être ni moi ni vous

2339 941 1776 90 qui en mangerons les fruits ; mais il faut planter pour nos descendans, puisque

2337 1020 905 71 nos ascendans ont planté pour nous.

2376 1075 1730 81 la chère tante a donc été a Neuss avec son Major Qu'elle me l'amène.

2327 1142 1779 83 si cela lui fait plaisir, Ce sera une satisfaction de plus pour elle, el par

2334 1228 571 57 conséquent pour moi

2406 1269 1674 90 Veuillez donc arranger cela comme vous le jugerez possible. le fait est

2330 1338 1746 83 que l'aimable proposition, que vous m'avez faite de m'amener ces dames,

2330 1419 1764 67 à réveillé toutes mes idées sociales et que j'en meurs d'envie (comme ou dit)

2325 1475 1709 73 Si la chère Louise après avoir enterré non le mardi gras, mais le carême

2330 1546 1783 79 voulait et pouvait s'enterrer ici pensant une au deux semaines, j'en :

2316 1608 1771 84 serais ravie. J'aurais même quelques raisons que je vous dirai pour dési

2325 1675 1615 81 rer que ce fut après les fêtes. Voyez, tâchez parlez, et répondez

2411 1740 1695 74 Vous vous êtes donc souvenu de mes souvenirs c'est pour moi un joli

2321 1814 1762 81 délassement que de les arranger comme je le fais, cela ne dut -il servir que

2330 1890 1746 81 pour moi. Je ne suis pas de votre avis et je ne crains pas les souvenirs

2327 1955 1088 78 C'est quelque chose et ici nous n'avons rien.

2397 2015 1658 83 Rien de nouveau, tout se pacifie, et j'en suis charmée, quoique,

2325 2079 1790 95 comme vous, j'aime ce qui reveille ; mais il y a d'autres manières de reveil,

2330 2153 1510 79 ler que celles que vous dites et qui me feraient plus de plaisir.

2378 2213 1749 86 Vos vers sont très bien pensés et sentis ; mais il manque quelque chose

2330 2287 1804 72 à la correction du Style que je vous dirai, si vous le voulez, en vrai pédant

2321 2349 1801 95 ou pédante. Il faut peu travailler pour faire disparaître ces petites

2226 2497 71 81 93

2344 2504 233 95 (Corresp. p.)
