4492 2771
607 378 1185 99 Qu'avec transport dans mon [.....] délire

605 443 1143 95 D'un bien si doux célebrant le retour

600 514 1215 93 On me verrait sur ma brillante lyre

605 574 1189 102 Chanter [alors] les plaisirs et l'amour.

863 574 153 37 encor

859 637 99 48 encor

323 681 1790 92 voila donc ce couplet que vous voulez [...]

438 641 1626 93 [...]

404 732 1614 80 je plains fort la chère Louise d'être enfluxionnée, et je lui dis

323 778 1750 106 pour la consoler que j'ai une joue très grosse, un mal de dents et comme

330 842 1727 113 on dit, la moitié du visage tout d'un coté. Quand nous serons guéries

327 909 1733 104 voyons nous donc si ces dames sont encore ici. Quant à vous, vous

330 967 1702 120 avez, grand tort de ne pas venir plus souvent, et je vous en veux

351 1020 92 65 mais

325 1034 1751 118 [quoique] j'ose à peine vous le dire ; car votre neveu le russe me fait déjà peur.

367 1101 1695 111 On me trouve des gazettes de Francfort, je vous les envoye au hasard.

364 1170 1659 113 Adieu, Monsieur, mille choses à ces Dames, j'ai fait attendre votre

314 1235 1709 113 exprès parce que je me promenais avec deux de mes militaires rouges, ce

323 1302 1702 113 qui avait bon air. Mille amitiés sincères. Mon mari est à la chasse

316 1369 416 69 avec le Colonel.

415 1433 594 93 Compliments partout.

1418 1507 582 107 (Signé) Constance de Salm
