4657 2713
2465 316 120 86 1820

2426 336 292 136 (de Mr Barbier)

3125 339 324 88 Lettre

3661 309 548 149 (Cor. gén.le (no 20))

2863 467 760 123 A Mme la Princesse de Salm.

3652 626 539 72 Paris, ce 20 mars, 1820.

2653 689 287 106 Princesse

2544 757 1674 97 Notre rigoureux hiver se fait encore sentir. Dans quelque quartier

2478 838 1758 88 que j'aille je n'entends parler que de Catharres de maux de gorge, de maux

2483 902 1721 88 d'yeux &c ma maison n'a pas été à l'abri de ces fléaux. Ma femme

2476 972 1735 79 n'est pas encore guérie d'un violent catharre, ni moi d'une ophthalmie

2487 1024 1728 101 qui m'a éloigné, pendant trois semaines de toute lecture et de toute

2485 1103 1699 83 écriture. C'est une grande satisfaction pour moi que de pouvoir écrire

2481 1168 1714 77 en ce moment et surtout à une personne qui pouvait m'accuser de

2483 1236 1732 88 négligence. Vous êtes informée de la mort de notre bon Sobry. Il a

2483 1297 1696 97 fourni une assez longue carrière, il a joui de l'estime des honnêtes

2487 1356 1679 104 gens ; c'était un homme de beaucoup d'esprit, d'instruction et de

2483 1428 1689 93 jugement, il a paru quitter la vie sans regret ; mais dans quelle

2487 1485 1688 106 triste position il laisse sa femme et ses filles. J'ai été leur faire

2485 1562 1703 83 une visite de condoléance. Mll Sobry qui était seule à la maison

2483 1636 1689 77 m'a paru craindre que le gouvernement n'accordât qu'une très

2492 1713 744 82 modique pension à sa mère.

2537 1767 1694 86 J'ai reçu votre dernier billet avec plusieurs exemplaires de votre

2490 1833 1750 90 nouvelle épître dont vous m'avez parlé plusieurs fois. Je le trouve

2494 1912 1735 79 digne de ses ainées. Le morceau qui m'en plait le plus et qui est le

2497 1975 1700 84 plus convenable au temps, est précisément celui qui offusque les

2487 2048 1419 86 Messieurs dont je vais vous faire connaître l'opinion.

2555 2109 1627 90 J'ai envoyé, hier à Mr Drais deux paquets de livres. Je crois

2499 2188 1692 77 que vous en serez contente. Histoire, voyages, Romans, tragédies

2499 2249 1705 79 comédies, petites pièces satyres, politique, il y a de tout, vous lirez

2474 2312 1735 73 sans doute avec intérêt les 2 Vol. où il est question de Coulanges de

2497 2373 1728 102 Mme de Sévigné, de Lafontaine, de Voltaire de Mme Duchâtelet et de Mme
