4538 2770
344 369 1739 78 sommes nés dans un siècle misérable ! Les lettres que je re coissfsiln

348 440 1744 86 qu'il n'y soit pas question de politique, ce que je crains par dessus tout)

339 500 1778 95 ces lettres donc ne parlent que de tristesse et de mécontentement. La sévérité

334 574 1739 81 parait grande, et l'argent qu'on demande passe les moyens et désespère

341 634 1705 81 Que d'élémens, de révolutions ! on a beau dire et beau faire, sans une

339 706 1748 85 honnête liberté et une propriété assurée, les hommes sont toujours

332 777 1702 81 prêts à se revolter. Mais Dieu permet ou veut l'aveuglement des

348 842 1739 99 Gouvernants, comme il a permis les lumières des gouvernés. C'est

330 909 1381 95 justement tout le contraire qu'il faudrait à ces Messieurs.

385 985 1728 79 Mon mari ne me parle plus de son retour si proche. Je tends le col

332 1047 1785 81 et je suis résignée à tout. J'ai perdu ce beau feu qui fait qu'on se désés

337 1108 1794 87 père sans mesure et à l'exception du 1re moment ; je suis désenchantée

337 1170 1251 85 même des tourmens du coeur. triste avantage.

401 1239 1723 85 Comme il faut rire un peu à travers tout cela ; je vous dirai trois Enseignes

327 1308 1806 88 dont le journal de Paris parlait il y a quelque temps. La prémière estait celle

334 1368 1786 95 d'un cordonnier qui faisait des souliers pour les Reines Hortense de Naples e

339 1449 1764 74 il avait sur son enseigne : Un tel chausse les têtes couronnées ; la 2e est

337 1509 1762 86 d'un charcutier qui fournissait les Princes de la famille ; elle portait ;

337 1581 1743 92 Un tel charcutier du sang impérial. Enfin sur la troisième il y avait.

341 1655 1718 87 Un tel accoucheur de l'Empereur. J'espère que vous êtes content de ces

339 1715 1781 76 lazzis auquel j'ajouterai celui que je vous ai peut être dejà dit, et qui part

332 1788 1769 77 de la même source, de cet honnête homme qui écrivait une lettre d'ex,

337 1851 1766 92 cuses à un créancier impertinent et qui finissait ainsi cette lettre. Je sui

339 1918 1727 101 pour la vie votre affectionné serviteur et débiteur : pour la vie ! Qu'en

344 1999 1736 85 dites vous. Je ris donc de ces bêtises, faute d'autres choses. J'en ai même

332 2061 1171 69 un plus grand répertoire que je vous garde.

374 2121 1741 78 A revoir, Monsieur, donnez moi de vos nouvelles. Mais je m'apperçois tout à coup

334 2185 1769 84 que j'ai commencé ce billet à la Se personne du singulier et que je le finis à la 1e

334 2255 1783 85 du pluriel ; cela n'est pas étonnant, ou ne finit pas toujours comme on a commencé

334 2319 1857 88 surtout par le temps qui court. Je devais aussi n'écrire qu'un billet et voici un volume

371 2391 1751 90 A revoir donc, Monsieur ; portez vous mieux. Venez, amenez mai vos Dames, laissez m'en pied

339 2453 1605 86 ou aile et veuillez leur faire mille amitiés de ma part et en recevoir autant vous vous.

1494 2516 575 85 (Signé) Constance de Salm.
